@article{Winstanley2015,
    title = {{A 2D channel-clogging biofilm model}},
    year = {2015},
    journal = {Journal of Mathematical Biology},
    author = {Winstanley, H. F. and Chapwanya, M. and Fowler, A. C. and O’Brien, S. B. G.},
    number = {3},
    month = {9},
    pages = {647--668},
    volume = {71},
    publisher = {Springer Berlin Heidelberg},
    url = {http://link.springer.com/10.1007/s00285-014-0833-4},
    doi = {10.1007/s00285-014-0833-4},
    issn = {0303-6812}
}

@article{Rahman2015,
    title = {{A Mixed-Culture Biofilm Model with Cross-Diffusion}},
    year = {2015},
    journal = {Bulletin of Mathematical Biology},
    author = {Rahman, Kazi A. and Sudarsan, Rangarajan and Eberl, Hermann J.},
    number = {11},
    month = {11},
    pages = {2086--2124},
    volume = {77},
    publisher = {Springer US},
    url = {http://link.springer.com/10.1007/s11538-015-0117-1},
    doi = {10.1007/s11538-015-0117-1},
    issn = {0092-8240}
}

@article{Wanner1986,
    title = {{A multispecies biofilm model}},
    year = {1986},
    journal = {Biotechnology and Bioengineering},
    author = {Wanner, O. and Gujer, W.},
    number = {3},
    month = {3},
    pages = {314--328},
    volume = {28},
    publisher = {Wiley Subscription Services, Inc., A Wiley Company},
    url = {http://doi.wiley.com/10.1002/bit.260280304},
    doi = {10.1002/bit.260280304},
    issn = {0006-3592}
}

@article{Bozorg2011,
    title = {{A new approach to model the spatiotemporal development of biofilm phase in porous media}},
    year = {2011},
    journal = {Environmental Microbiology},
    author = {Bozorg, Ali and Sen, Arindom and Gates, Ian D.},
    number = {11},
    month = {11},
    pages = {3010--3023},
    volume = {13},
    publisher = {Blackwell Publishing Ltd},
    url = {http://doi.wiley.com/10.1111/j.1462-2920.2011.02578.x},
    doi = {10.1111/j.1462-2920.2011.02578.x},
    issn = {14622912}
}

@article{Klapper2011,
    title = {{An exclusion principle and the importance of mobility for a class of biofilm models.}},
    year = {2011},
    journal = {Bulletin of mathematical biology},
    author = {Klapper, Isaac and Szomolay, Barbara},
    number = {9},
    month = {9},
    pages = {2213--30},
    volume = {73},
    url = {http://www.ncbi.nlm.nih.gov/pubmed/21240563},
    doi = {10.1007/s11538-010-9621-5},
    issn = {1522-9602},
    pmid = {21240563}
}

@article{Szomolay,
    title = {{Analysis of a biofilm model}},
    author = {Szomolay, Barbara}
}

@article{Szomolay2008,
    title = {{Analysis of a moving boundary value problem arising in biofilm modelling}},
    year = {2008},
    journal = {Mathematical Methods in the Applied Sciences},
    author = {Szomolay, Barbara},
    number = {15},
    month = {10},
    pages = {1835--1859},
    volume = {31},
    publisher = {John Wiley {\&} Sons, Ltd.},
    url = {http://doi.wiley.com/10.1002/mma.1000},
    doi = {10.1002/mma.1000},
    issn = {01704214},
    keywords = {global existence, mathematical biology, steady state}
}

@article{Towell1966,
    title = {{Hydrodynamics of rivulet flow}},
    year = {1966},
    journal = {AIChE Journal},
    author = {Towell, G. D. and Rothfeld, L. B.},
    number = {5},
    month = {9},
    pages = {972--980},
    volume = {12},
    publisher = {American Institute of Chemical Engineers},
    url = {http://doi.wiley.com/10.1002/aic.690120524},
    doi = {10.1002/aic.690120524},
    issn = {00011541}
}

@article{Abbas2013,
    title = {{Investigation of the Role of Mesoscale Detachment Rate Expressions in a Macroscale Model of a Porous Medium Biofilm Reactor}},
    year = {2013},
    author = {Abbas, Fazal and Eberl, Hermann},
    number = {1},
    pages = {123--143},
    volume = {2}
}

@article{Abbas2012,
    title = {{Longtime behavior of one-dimensional biofilm models with shear dependent detachment rates.}},
    year = {2012},
    journal = {Mathematical biosciences and engineering : MBE},
    author = {Abbas, Fazal and Sudarsan, Rangarajan and Eberl, Hermann J},
    number = {2},
    month = {4},
    pages = {215--39},
    volume = {9},
    url = {http://www.ncbi.nlm.nih.gov/pubmed/22901062},
    issn = {1551-0018},
    pmid = {22901062}
}

@article{Merkey2009,
    title = {{Modeling how soluble microbial products (SMP) support heterotrophic bacteria in autotroph-based biofilms}},
    year = {2009},
    journal = {Journal of Theoretical Biology},
    author = {Merkey, Brian V. and Rittmann, Bruce E. and Chopp, David L.},
    number = {4},
    pages = {670--683},
    volume = {259},
    doi = {10.1016/j.jtbi.2009.05.010},
    issn = {00225193}
}

@article{Esser2015,
    title = {{Modeling microbial growth and dynamics}},
    year = {2015},
    journal = {Applied Microbiology and Biotechnology},
    author = {Esser, Daniel S. and Leveau, Johan H. J. and Meyer, Katrin M.},
    number = {21},
    month = {11},
    pages = {8831--8846},
    volume = {99},
    publisher = {Springer Berlin Heidelberg},
    url = {http://link.springer.com/10.1007/s00253-015-6877-6},
    doi = {10.1007/s00253-015-6877-6},
    issn = {0175-7598}
}

@article{DAcunto2015,
    title = {{Modeling multispecies biofilms including new bacterial species invasion}},
    year = {2015},
    journal = {Mathematical Biosciences},
    author = {D’Acunto, B. and Frunzo, L. and Klapper, I. and Mattei, M.R.},
    pages = {20--26},
    volume = {259},
    doi = {10.1016/j.mbs.2014.10.009},
    issn = {00255564}
}

@article{DAcunto2015b,
    title = {{Modeling multispecies biofilms including new bacterial species invasion}},
    year = {2015},
    journal = {Mathematical Biosciences},
    author = {D’Acunto, B. and Frunzo, L. and Klapper, I. and Mattei, M.R.},
    pages = {20--26},
    volume = {259},
    doi = {10.1016/j.mbs.2014.10.009},
    issn = {00255564}
}

@article{OBrien1991a,
    title = {{No Title}},
    year = {1991},
    author = {O'Brien, Stephen B. G. M. and Van Den Brule, Ben H. A. A. and Kent, H. J. and O 'brien, Stephen 6 G M and Van Den Brule, Ben H. A. A.},
    number = {10},
    month = {1},
    volume = {87},
    publisher = {The Royal Society of Chemistry},
    url = {http://xlink.rsc.org/?DOI=ft9918701579},
    doi = {10.1039/ft9918701579},
    issn = {0956-5000}
}

@article{Rosenberg2016,
    title = {{Not so simple, not so subtle: the interspecies competition between Bacillus simplex and Bacillus subtilis and its impact on the evolution of biofilms}},
    year = {2016},
    journal = {npj Biofilms and Microbiomes},
    author = {Rosenberg, Gili and Steinberg, Nitai and Oppenheimer-Shaanan, Yaara and Olender, Tsvia and Doron, Shany and Ben-Ari, Julius and Sirota-Madi, Alexandra and Bloom-Ackermann, Zohar and Kolodkin-Gal, Ilana and Tringe, S. G. and Torsvik, V. and Goks{\o}yr, J. and Daae, F. L. and {D. A. Wardle} and Lynch, J. M. and Kolter, R. and Greenberg, E. P. and Elias, S. and Banin, E. and Little, A. E. F. and Robinson, C. J. and Peterson, S. B. and Raffa, K. F. and Handelsman, J. and Vlamakis, H. and Chai, Y. and Beauregard, P. and Losick, R. and Kolter, R. and Beloin, C. and Renard, S. and Ghigo, J.-M. and Lebeaux, D. and Earl, A. M. and Losick, R. and Kolter, R. and Sikorski, J. and Nevo, E. and Dubnau, D. and Dubnau, D. and Provvedi, R. and Roggiani, M. and Dubnau, D. and Magnuson, R. and Solomon, J. and Grossman, A. D. and Gonzalez, D. J. and Falardeau, J. and Wise, C. and Novitsky, L. and Avis, T. J. and Avigad, L. S. and Bernheimer, A. W. and Hoefler, B. C. and Gorzelnik, K. V. and Yang, J. Y. and Hendricks, N. and Dorrestein, P. C and Watrous, J. and Grau, A. and Go, J. C. and Ortiz, A. and Chai, Y. and Chu, F. and Kolter, R. and Losick, R. and Lopez, D. and Fischbach, M. A. and Chu, F. and Losick, R. and Kolter, R. and Ellermeier, C. D. and Hobbs, E. C. and Gonzalez-Pastor, J. E. and Losick, R. and Lopez, D. and Vlamakis, H. and Losick, R. and Kolter, R. and Vlamakis, H. and Aguilar, C. and Losick, R. and Kolter, R. and Branda, S. S. and Chu, F. and Kearns, D. B. and Losick, R. and Kolter, R. and Chu, F. and Kearns, D. B. and Branda, S. S. and Kolter, R. and Losick, R. and Hobley, L. and Kearns, D. B. and Chu, F. and Branda, S. S. and Kolter, R. and Losick, R. and Bai, U. and Mandic-Mulec, I. and Smith, I. and McLoon, A. L. and Guttenplan, S. B. and Kearns, D. B. and Kolter, R. and Losick, R. and Parashar, V. and Konkol, M. A. and Kearns, D. B. and Neiditch, M. B. and Bendori, S. Omer and Pollak, S. and Hizi, D. and Eldar, A. and Chai, Y. and Kolter, R. and Losick, R. and Norman, T. M. and Lord, N. D. and Paulsson, J. and Losick, R. and Barabesi, C. and Houry, A. and Lavallie, E. R. and Stahl, M. L. and Rao, C. V. and Glekas, G. D. and Ordal, G. W. and Kearns, D. B. and Chu, F. and Rudner, R. and Losick, R. and Verhamme, D. T. and Kiley, T. B. and Stanley-Wall, N. R. and Ng, W. L. and Bassler, B. L. and Kolodkin-Gal, I. and Hazan, R. and Gaathon, A. and Carmeli, S. and Engelberg-Kulka, H. and Kumar, S. and Kolodkin-Gal, I. and Engelberg-Kulka, H. and Kim, P. I. and Ryu, J. and Kim, Y. H. and Chi, Y. T. and Ming, L. J. and Epperson, J. D. and May, J. J. and Wendrich, T. M. and Marahiel, M. A. and Volpon, L. and Besson, F. and Lancelin, J. M. and Babasaki, K. and Takao, T. and Shimonishi, Y. and Kurahashi, K. and Mhammedi, A. and Peypoux, F. and Besson, F. and Michel, G. and Liu, W. T. and Lamsa, A. and Liu, W. T. and Dorrestein, P. C. and Pogliano, K. and Yang, Y. and Seyedsayamdost, M. R.. and Traxler, M. F. and Clardy, J. and Kolter, R. and {E. A. Shank} and Wilking, J. N. and Asally, M. and Seydlov{\'{a}}, G. and Gonzalez-Pastor, J. E. and Hobbs, E. C. and Losick, R. and Goessweiner-Mohr, N. and Arends, K. and Keller, W. and Grohmann, E. and Kienesberger, S. and Boguslawski, K. M. and Hill, P. A. and Griffith, K. L. and Branda, S. S. and Gonzalez-Pastor, J. E. and Ben-Yehuda, S. and Losick, R. and Kolter, R. and Wach, A. and Wilson, G. A. and Bott, K. F. and Shemesh, M. and Chai, Y.},
    month = {1},
    pages = {15027},
    volume = {2},
    publisher = {Nature Publishing Group},
    url = {http://www.nature.com/articles/npjbiofilms201527},
    doi = {10.1038/npjbiofilms.2015.27},
    issn = {2055-5008}
}

@article{OBrien1991,
    title = {{On the shape of small sessile and pendant drops by singular perturbation techniques}},
    year = {1991},
    journal = {Journal of Fluid Mechanics},
    author = {O'Brien, S. B. G.},
    number = {-1},
    month = {12},
    pages = {519},
    volume = {233},
    publisher = {Cambridge University Press},
    url = {http://www.journals.cambridge.org/abstract_S0022112091000587},
    doi = {10.1017/S0022112091000587},
    issn = {0022-1120}
}

@article{Wang2010,
    title = {{Review of mathematical models for biofilms}},
    year = {2010},
    journal = {Solid State Communications},
    author = {Wang, Qi and Zhang, Tianyu},
    number = {21},
    pages = {1009--1022},
    volume = {150},
    doi = {10.1016/j.ssc.2010.01.021},
    issn = {00381098}
}

@article{Pritchett2001,
    title = {{Steady state solutions of a one-dimensional biofilm model}},
    year = {2001},
    journal = {Mathematical and Computer Modelling},
    author = {Pritchett, L.A. and Dockery, J.D.},
    number = {1-3},
    month = {1},
    pages = {255--263},
    volume = {33},
    url = {http://linkinghub.elsevier.com/retrieve/pii/S0895717700002429},
    doi = {10.1016/S0895-7177(00)00242-9},
    issn = {08957177}
}

@article{Sumesh2010,
    title = {{The possible equilibrium shapes of static pendant drops}},
    year = {2010},
    journal = {The Journal of Chemical Physics},
    author = {Sumesh, P. T. and Govindarajan, Rama},
    number = {14},
    month = {10},
    pages = {144707},
    volume = {133},
    publisher = {American Institute of PhysicsAIP},
    url = {http://scitation.aip.org/content/aip/journal/jcp/133/14/10.1063/1.3494041 http://aip.scitation.org/doi/10.1063/1.3494041},
    doi = {10.1063/1.3494041},
    keywords = {Laplace equations, bifurcation, capillarity, contact angle, drops, flow instability, flow simulation, numerical analysis, two-phase flow}
}

@article{Varma2015AMicrofluidics.,
    title = {{A cell-based sensor of fluid shear stress for microfluidics.}},
    year = {2015},
    journal = {Lab on a chip},
    author = {Varma, Sarvesh and Voldman, Joel},
    number = {6},
    month = {3},
    pages = {1563--73},
    volume = {15},
    url = {http://www.ncbi.nlm.nih.gov/pubmed/25648195 http://www.pubmedcentral.nih.gov/articlerender.fcgi?artid=PMC4443851},
    doi = {10.1039/c4lc01369g},
    issn = {1473-0189},
    pmid = {25648195}
}

@article{Iliescu2012ASilicon.,
    title = {{A practical guide for the fabrication of microfluidic devices using glass and silicon.}},
    year = {2012},
    journal = {Biomicrofluidics},
    author = {Iliescu, Ciprian and Taylor, Hayden and Avram, Marioara and Miao, Jianmin and Franssila, Sami},
    number = {1},
    month = {3},
    pages = {16505--1650516},
    volume = {6},
    publisher = {American Institute of Physics},
    url = {http://www.ncbi.nlm.nih.gov/pubmed/22662101 http://www.pubmedcentral.nih.gov/articlerender.fcgi?artid=PMC3365353},
    doi = {10.1063/1.3689939},
    issn = {1932-1058},
    pmid = {22662101}
}

@article{Nge2013AdvancesApplications,
    title = {{Advances in Microfluidic Materials, Functions, Integration, and Applications}},
    year = {2013},
    journal = {Chemical Reviews},
    author = {Nge, Pamela N. and Rogers, Chad I. and Woolley, Adam T.},
    number = {4},
    month = {4},
    pages = {2550--2583},
    volume = {113},
    publisher = {American Chemical Society},
    url = {http://pubs.acs.org/doi/abs/10.1021/cr300337x},
    doi = {10.1021/cr300337x},
    issn = {0009-2665}
}

@article{Halldorsson2015AdvantagesDevices,
    title = {{Advantages and challenges of microfluidic cell culture in polydimethylsiloxane devices}},
    year = {2015},
    journal = {Biosensors and Bioelectronics},
    author = {Halldorsson, Skarphedinn and Lucumi, Edinson and G{\'{o}}mez-Sj{\"{o}}berg, Rafael and Fleming, Ronan M.T.},
    month = {1},
    pages = {218--231},
    volume = {63},
    url = {http://www.ncbi.nlm.nih.gov/pubmed/25105943 http://linkinghub.elsevier.com/retrieve/pii/S0956566314005302},
    doi = {10.1016/j.bios.2014.07.029},
    issn = {09565663},
    pmid = {25105943},
    keywords = {Cell culture, Microfluidic, Polydimethylsiloxane}
}

@article{Chesters1977AnAxis,
    title = {{An analytical solution for the profile and volume of a small drop or bubble symmetrical about a vertical axis}},
    year = {1977},
    journal = {Journal of Fluid Mechanics},
    author = {Chesters, A. K.},
    number = {04},
    month = {8},
    pages = {609},
    volume = {81},
    publisher = {Cambridge University Press},
    url = {http://www.journals.cambridge.org/abstract_S0022112077002250},
    doi = {10.1017/S0022112077002250},
    issn = {0022-1120}
}

@book{Bashforth1883AnAction,
    title = {{An Attempt to Test the Theories of Capillary Action}},
    year = {1883},
    author = {Bashforth, Francis and Couch Adams, John},
    pages = {139},
    publisher = {University Press}
}

@book{Bashforth1883AnActionb,
    title = {{An Attempt to Test the Theories of Capillary Action}},
    year = {1883},
    author = {Bashforth, Francis and Adams, John Couch},
    pages = {139},
    publisher = {University Press}
}

@book{Bashforth1883AnDrops,
    title = {{An attempt to test the theories of capillary action by comparing the theoretical and measured forms of drops of fluid. With an explanation of the method of integration employed in constucting the tables which give the theoretical forms of such drops}},
    year = {1883},
    author = {Bashforth, Francis and Adams, John Couch},
    publisher = {Cambridge University Press},
    url = {https://archive.org/details/attempttest00bashrich}
}

@article{Orell2013ArchaealUnexplored,
    title = {{Archaeal Biofilms: The Great Unexplored}},
    year = {2013},
    journal = {Annual Review of Microbiology},
    author = {Orell, Alvaro and Fr{\"{o}}ls, Sabrina and Albers, Sonja-Verena},
    number = {1},
    month = {9},
    pages = {337--354},
    volume = {67},
    url = {http://www.annualreviews.org/doi/10.1146/annurev-micro-092412-155616},
    doi = {10.1146/annurev-micro-092412-155616},
    issn = {0066-4227}
}

@article{OBrien2002AsymptoticsDrops,
    title = {{Asymptotics of a sequence of pendant drops}},
    year = {2002},
    journal = {SIAM Journal on Applied Mathematics},
    author = {O'Brien, S B G},
    number = {5},
    pages = {1569--1580},
    volume = {62},
    url = {http://epubs.siam.org/doi/pdf/10.1137/S0036139901384789 https://www.scopus.com/inward/record.url?eid=2-s2.0-0036588726&partnerID=40&md5=81631bfdf6eab680add5a1c53995b8f5},
    doi = {10.1137/S0036139901384789},
    issn = {00361399},
    keywords = {76A02 PII S0036139901384789, 76B45, asymptotics, curvature, pendant drops, surface tension}
}

@article{Ro1997AxisymmetricDrops,
    title = {{Axisymmetric Drop Shape Analysis: Computational Methods for the Measurement of Interfacial Properties from the Shape and Dimensions of Pendant and Sessile Drops}},
    year = {1997},
    journal = {Journal of Colloid and Interface Science},
    author = {Rı́o, O.I.del and Neumann, A.W.},
    number = {2},
    pages = {136--147},
    volume = {196},
    publisher = {Academic Press},
    doi = {10.1006/jcis.1997.5214},
    issn = {00219797}
}

@article{BasaranAxisymmetricField,
    title = {{Axisymmetric Shapes and Stability of Pendant and Sessile Drops in an Electric Field}},
    author = {Basaran, Osman A and Scriven, L E},
    url = {https://ac.els-cdn.com/002197979090316G/1-s2.0-002197979090316G-main.pdf?_tid=6fc39258-b656-11e7-8a97-00000aacb362&acdnat=1508586982_1f5e1edc5168904e93ceb1185dbbca1b}
}

@article{Hall-Stoodley2004BacterialDiseases,
    title = {{Bacterial biofilms: from the Natural environment to infectious diseases}},
    year = {2004},
    journal = {Nature Reviews Microbiology},
    author = {Hall-Stoodley, Luanne and Costerton, J. William and Stoodley, Paul},
    number = {2},
    month = {2},
    pages = {95--108},
    volume = {2},
    publisher = {Nature Publishing Group},
    url = {http://www.nature.com/doifinder/10.1038/nrmicro821},
    doi = {10.1038/nrmicro821},
    issn = {1740-1526}
}

@article{Houry2012BacterialMatrix.,
    title = {{Bacterial swimmers that infiltrate and take over the biofilm matrix.}},
    year = {2012},
    journal = {Proceedings of the National Academy of Sciences of the United States of America},
    author = {Houry, Ali and Gohar, Michel and Deschamps, Julien and Tischenko, Ekaterina and Aymerich, Stéphane and Gruss, Alexandra and Briandet, Romain},
    number = {32},
    month = {8},
    pages = {13088--93},
    volume = {109},
    url = {http://www.ncbi.nlm.nih.gov/pubmed/22773813 http://www.pubmedcentral.nih.gov/articlerender.fcgi?artid=PMC3420162},
    doi = {10.1073/pnas.1200791109},
    issn = {1091-6490},
    pmid = {22773813}
}

@article{Shafahi2009BiofilmStructures,
    title = {{Biofilm affected characteristics of porous structures}},
    year = {2009},
    journal = {International Journal of Heat and Mass Transfer},
    author = {Shafahi, Maryam and Vafai, Kambiz},
    number = {3},
    pages = {574--581},
    volume = {52},
    doi = {10.1016/j.ijheatmasstransfer.2008.07.013},
    issn = {00179310}
}

@article{OToole2000BiofilmDevelopment,
    title = {{Biofilm Formation as Microbial Development}},
    year = {2000},
    journal = {Annual Review of Microbiology},
    author = {O'Toole, George and Kaplan, Heidi B. and Kolter, Roberto},
    number = {1},
    month = {10},
    pages = {49--79},
    volume = {54},
    publisher = { Annual Reviews  4139 El Camino Way, P.O. Box 10139, Palo Alto, CA 94303-0139, USA  },
    url = {http://www.annualreviews.org/doi/10.1146/annurev.micro.54.1.49},
    doi = {10.1146/annurev.micro.54.1.49},
    issn = {0066-4227},
    keywords = {bacteria, communities, environment, fungi, life cycle, surface}
}

@article{Donlan2002Biofilms:Surfaces.,
    title = {{Biofilms: microbial life on surfaces.}},
    year = {2002},
    journal = {Emerging infectious diseases},
    author = {Donlan, Rodney M},
    number = {9},
    month = {9},
    pages = {881--90},
    volume = {8},
    publisher = {Centers for Disease Control and Prevention},
    url = {http://www.ncbi.nlm.nih.gov/pubmed/12194761 http://www.pubmedcentral.nih.gov/articlerender.fcgi?artid=PMC2732559},
    doi = {10.3201/eid0809.020063},
    issn = {1080-6040},
    pmid = {12194761}
}

@article{Donlan2002Biofilms:Microorganisms,
    title = {{Biofilms: Survival Mechanisms of Clinically Relevant Microorganisms}},
    year = {2002},
    journal = {Clinical Microbiology Reviews},
    author = {Donlan, Rodney M. and Costerton, J. William},
    number = {2},
    pages = {167},
    volume = {15},
    publisher = {American Society for Microbiology (ASM)},
    doi = {10.1128/cmr.15.2.167-193.2002},
    pmid = {11932229}
}

@phdthesis{Young2009BiomechanicalNiche,
    title = {{Biomechanical modelling of the gastrointestinal epithelial stem cell niche}},
    year = {2009},
    author = {Young, Sarah Jane},
    school = {Oxford}
}

@article{Keenan2008BiomolecularSystems.,
    title = {{Biomolecular gradients in cell culture systems.}},
    year = {2008},
    journal = {Lab on a chip},
    author = {Keenan, Thomas M and Folch, Albert},
    number = {1},
    month = {1},
    pages = {34--57},
    volume = {8},
    url = {http://www.ncbi.nlm.nih.gov/pubmed/18094760 http://www.pubmedcentral.nih.gov/articlerender.fcgi?artid=PMC3848882},
    doi = {10.1039/b711887b},
    issn = {1473-0197},
    pmid = {18094760}
}

@article{Hassenpflug1998BranchedFree-streamlines,
    title = {{Branched channel free-streamlines}},
    year = {1998},
    journal = {Computer Methods in Applied Mechanics and Engineering},
    author = {Hassenpflug, W.C.},
    number = {3-4},
    month = {7},
    pages = {329--354},
    volume = {159},
    publisher = {North-Holland},
    url = {https://www.sciencedirect.com/science/article/pii/S0045782597002776},
    doi = {10.1016/S0045-7825(97)00277-6},
    issn = {0045-7825}
}

@article{Finn1974CapillarityPhenomena,
    title = {{Capillarity phenomena}},
    year = {1974},
    journal = {Russian Mathematical Surveys},
    author = {Finn, R and K., Lasswitz and Th., Lohnstein and H., Minkowski and G., Bakker and I., Srubshchik L. S. and Yudovich V. and M., Johnson W. E. and Perko L. and M., Emmer and L., Pepe and L., Petrov V. M. and Chernous'ko F. and C., Gerhardt and R., Concus P. and Finn and R., Concus P. and Finn and R., Concus P. and Finn and R., Concus P. and Finn and J., Spruck and R., Finn and R., Finn and R., Concus P. and Finn and R., Finn and H., Hida K. and Miura and R., Concus P. and Finn and C., Bashforth F. and Adams J. and W., Thomson and W., Thomson and W., Thomson and Th., Lohnstein and Th., Lohnstein and Th., Lohnstein and Th., Lohnstein and T., Hida K. and Nakanishi and S., Fordham and Y., Tamada K. and Shibaoka and F., Padday J. and P., Concus and C., Huh and C., Wente H. and C., Wente H. and K., Steffen and S., Hildebrandt and S., Hildebrandt and S., Hildebrandt and S., Hildebrandt and J., Gulliver R. and Spruck and J., Gulliver R. and Spruck and J., Gulliver R. and Spruck and K., Steffen and C., Hildebrandt S. and Wente H. and S., Laplace P.},
    number = {4},
    month = {8},
    pages = {133--153},
    volume = {29},
    publisher = {IOP Publishing},
    url = {http://stacks.iop.org/0036-0279/29/i=4/a=A05?key=crossref.42e9e099d1e54f224fbb0a4c2d2f5c1f},
    doi = {10.1070/RM1974v029n04ABEH001292},
    issn = {0036-0279}
}

@article{Thomson1886CapillaryAttraction,
    title = {{Capillary attraction}},
    year = {1886},
    journal = {Nature},
    author = {Thomson, William},
    pages = {290--294},
    volume = {34},
    url = {http://www.nature.com/nature/journal/v34/n874/pdf/034290c0.pdf}
}

@article{Leppinen2003CapillaryFluids,
    title = {{Capillary pinch-off in inviscid fluids}},
    year = {2003},
    journal = {Physics of Fluids},
    author = {Leppinen, David and Lister, John R.},
    number = {2},
    month = {2},
    pages = {568--578},
    volume = {15},
    url = {http://aip.scitation.org/doi/10.1063/1.1537237},
    doi = {10.1063/1.1537237},
    issn = {1070-6631}
}

@article{Morgenroth2004ComparingSystem.,
    title = {{Comparing biofilm models for a single species biofilm system.}},
    year = {2004},
    journal = {Water science and technology : a journal of the International Association on Water Pollution Research},
    author = {Morgenroth, E and Eberl, H J and van Loosdrecht, M C M and Noguera, D R and Pizarro, G E and Picioreanu, C and Rittmann, B E and Schwarz, A O and Wanner, O},
    number = {11-12},
    pages = {145--54},
    volume = {49},
    url = {http://www.ncbi.nlm.nih.gov/pubmed/15303735},
    issn = {0273-1223},
    pmid = {15303735}
}

@article{Thullner2010ComparisonSystems,
    title = {{Comparison of bioclogging effects in saturated porous media within one- and two-dimensional flow systems}},
    year = {2010},
    journal = {Ecological Engineering},
    author = {Thullner, Martin},
    number = {2},
    pages = {176--196},
    volume = {36},
    doi = {10.1016/j.ecoleng.2008.12.037},
    issn = {09258574}
}

@article{Fuller2012ComplexStructure,
    title = {{Complex Fluid-Fluid Interfaces: Rheology and Structure}},
    year = {2012},
    journal = {Annual Review of Chemical and Biomolecular Engineering},
    author = {Fuller, Gerald G. and Vermant, Jan},
    number = {1},
    month = {7},
    pages = {519--543},
    volume = {3},
    publisher = { Annual Reviews },
    url = {http://www.annualreviews.org/doi/10.1146/annurev-chembioeng-061010-114202},
    doi = {10.1146/annurev-chembioeng-061010-114202},
    issn = {1947-5438},
    keywords = {emulsions, foams, stability, surface tension}
}

@article{Garandet1994ConsiderationsFactor,
    title = {{Considerations on the Pendant Drop Method: A New Look at Tate's Law and Harkins' Correction Factor}},
    year = {1994},
    journal = {Journal of Colloid and Interface Science},
    author = {Garandet, Jean Paul and Vinet, Bernard and Gros, Philippe},
    number = {2},
    pages = {351--354},
    volume = {165},
    publisher = {Academic Press},
    doi = {10.1006/jcis.1994.1240},
    issn = {00219797}
}

@article{Graham-Eagle2000ContactDrops,
    title = {{Contact angle calculations from the contact/maximum diameter of sessile drops}},
    year = {2000},
    journal = {International Journal for Numerical Methods in Fluids},
    author = {Graham-Eagle, James and Pennell, Stephen},
    number = {7},
    month = {4},
    pages = {851--861},
    volume = {32},
    publisher = {John Wiley {\&} Sons, Ltd.},
    url = {http://doi.wiley.com/10.1002/%28SICI%291097-0363%2820000415%2932%3A7%3C851%3A%3AAID-FLD994%3E3.0.CO%3B2-4},
    doi = {10.1002/(SICI)1097-0363(20000415)32:7<851::AID-FLD994>3.0.CO;2-4},
    issn = {0271-2091},
    keywords = {contact angle, contact diameter, sessile drops}
}

@article{Eral2013ContactApplications,
    title = {{Contact angle hysteresis: a review of fundamentals and applications}},
    year = {2013},
    journal = {Colloid and Polymer Science},
    author = {Eral, H. B. and ’t Mannetje, D. J. C. M. and Oh, J. M.},
    number = {2},
    month = {2},
    pages = {247--260},
    volume = {291},
    url = {http://link.springer.com/10.1007/s00396-012-2796-6},
    doi = {10.1007/s00396-012-2796-6},
    issn = {0303-402X}
}

@article{vanDitmarsch2013ConvergentBacteria,
    title = {{Convergent Evolution of Hyperswarming Leads to Impaired Biofilm Formation in Pathogenic Bacteria}},
    year = {2013},
    journal = {Cell Reports},
    author = {van Ditmarsch, Dave and Boyle, Kerry E. and Sakhtah, Hassan and Oyler, Jennifer E. and Nadell, Carey D. and D{\'{e}}ziel, Éric and Dietrich, Lars E.P. and Xavier, Joao B.},
    number = {4},
    pages = {697--708},
    volume = {4},
    doi = {10.1016/j.celrep.2013.07.026},
    issn = {22111247}
}

@article{Paulsen2016Curvature-inducedSheets,
    title = {{Curvature-induced stiffness and the spatial variation of wavelength in wrinkled sheets}},
    year = {2016},
    journal = {Proceedings of the National Academy of Sciences},
    author = {Paulsen, Joseph D and Hohlfeld, Evan and King, Hunter and Huang, Jiangshui and Qiu, Zhanlong and Russell, Thomas P and Menon, Narayanan and Vella, Dominic and Davidovitch, Benny},
    number = {5},
    pages = {1144--1149},
    volume = {113},
    url = {http://www.pnas.org/content/113/5/1144.full.pdf http://www.pnas.org/content/113/5/1144%5Cnhttp://www.ncbi.nlm.nih.gov/pubmed/26787902%5Cnhttp://www.pnas.org/content/113/5/1144.full},
    doi = {10.1073/pnas.1521520113},
    issn = {0027-8424, 1091-6490},
    pmid = {26787902}
}

@article{Kober1957DictionaryRepresentations,
    title = {{Dictionary of conformal representations}},
    year = {1957},
    author = {Kober, H},
    url = {http://www.ams.org/bull/1955-61-02/S0002-9904-1955-09913-0/}
}

@article{Stewart2003DiffusionBiofilms.,
    title = {{Diffusion in biofilms.}},
    year = {2003},
    journal = {Journal of bacteriology},
    author = {Stewart, Philip S},
    number = {5},
    month = {3},
    pages = {1485--91},
    volume = {185},
    publisher = {American Society for Microbiology},
    url = {http://www.ncbi.nlm.nih.gov/pubmed/12591863 http://www.pubmedcentral.nih.gov/articlerender.fcgi?artid=PMC148055},
    doi = {10.1128/JB.185.5.1485-1491.2003},
    issn = {0021-9193},
    pmid = {12591863}
}

@article{Stewart2003DiffusionBiofilms.b,
    title = {{Diffusion in biofilms.}},
    year = {2003},
    journal = {Journal of bacteriology},
    author = {Stewart, Philip S},
    number = {5},
    month = {3},
    pages = {1485--91},
    volume = {185},
    publisher = {American Society for Microbiology},
    url = {http://www.ncbi.nlm.nih.gov/pubmed/12591863 http://www.pubmedcentral.nih.gov/articlerender.fcgi?artid=PMC148055},
    doi = {10.1128/JB.185.5.1485-1491.2003},
    issn = {0021-9193},
    pmid = {12591863}
}

@article{Pihler-Puzovic2015DisplacementNumericalsimulations,
    title = {{Displacement flows under elastic membranes. Part 1. Experiments and direct numerical simulations}},
    year = {2015},
    journal = {Journal of Fluid Mechanics},
    author = {Pihler-Puzovi{\'{c}}, Draga and Juel, Anne and Peng, Gunnar G. and Lister, John R. and Heil, Matthias},
    doi = {10.1017/jfm.2015.590},
    issn = {0022-1120}
}

@article{Peng2015DisplacementEffects,
    title = {{Displacement flows under elastic membranes. Part 2. Analysis of interfacial effects}},
    year = {2015},
    journal = {Journal of Fluid Mechanics},
    author = {Peng, Gunnar G and Pihler-Puzovi{\'{c}}, Draga and Juel, Anne and Heil, Matthias and Lister, John R},
    pages = {512--547},
    volume = {784},
    url = {http://www.maths.manchester.ac.uk/~draga/Draga_files/paper_base_flow_part2.pdf},
    doi = {10.1017/jfm.2015.589},
    issn = {14697645},
    keywords = {Hele-Shaw flows, capillary flows, membranes}
}

@misc{DissolvedSystems,
    title = {{Dissolved Oxygen - Environmental Measurement Systems}},
    url = {http://www.fondriest.com/environmental-measurements/parameters/water-quality/dissolved-oxygen/#8}
}

@article{Durham2012DivisionMedia,
    title = {{Division by fluid incision: Biofilm patch development in porous media}},
    year = {2012},
    journal = {Phys. Fluids J. Chem. Phys. Additional information on Phys. Fluids Journal Homepage},
    author = {Durham, William M and Tranzer, Olivier and Leombruni, Alberto and Stocker, Roman},
    number = {136},
    pages = {91107--184701},
    volume = {24},
    url = {http://dx.doi.org/10.1063/1.4747154 http://pof.aip.org/resource/1/PHFLE6/v24/i9 http://pof.aip.org/ http://pof.aip.org/about/about_the_journal http://pof.aip.org/features/most_downloaded http://pof.aip.org/authors},
    doi = {10.1063/1.4747154}
}

@article{AytounaDropFluids,
    title = {{Drop Formation in Non-Newtonian Fluids}},
    journal = {Jf},
    author = {Aytouna, Mounir and Paredes, Jose and Shahidzadeh-Bonn, Noushine and Moulinet, Sébastien and Wagner, Christian and Amarouchene, Yacine and Eggers, Jens and Bonn, Daniel},
    url = {https://journals.aps.org/prl/pdf/10.1103/PhysRevLett.110.034501},
    doi = {10.1103/PhysRevLett.110.034501}
}

@article{Eggers2005DropOverview,
    title = {{Drop formation – an overview}},
    year = {2005},
    journal = {Angew. Math. Mech},
    author = {Eggers, Jens},
    number = {6},
    pages = {400--410},
    volume = {85},
    url = {https://people.maths.bris.ac.uk/~majge/ZAMM85.pdf},
    doi = {10.1002/zamm.200410193},
    keywords = {35R35, free boundary problems, singularities MSC (2000) 76D45, surface tension}
}

@article{Gu2011DropletsMicrofluidics.,
    title = {{Droplets formation and merging in two-phase flow microfluidics.}},
    year = {2011},
    journal = {International journal of molecular sciences},
    author = {Gu, Hao and Duits, Michel H G and Mugele, Frieder},
    number = {4},
    pages = {2572--97},
    volume = {12},
    publisher = {Multidisciplinary Digital Publishing Institute  (MDPI)},
    url = {http://www.ncbi.nlm.nih.gov/pubmed/21731459 http://www.pubmedcentral.nih.gov/articlerender.fcgi?artid=PMC3127135},
    doi = {10.3390/ijms12042572},
    issn = {1422-0067},
    pmid = {21731459},
    keywords = {droplet formation, droplet merging, electro-coalescence, electrowetting, microfluidics, two-phase flow}
}

@article{Characklis1982DynamicsMethods,
    title = {{Dynamics of biofilm processes: methods}},
    year = {1982},
    journal = {Water Research},
    author = {Characklis, W.G. and Trulear, M.G. and Bryers, J.D. and Zelver, N.},
    number = {7},
    pages = {1207--1216},
    volume = {16},
    publisher = {Pergamon},
    doi = {10.1016/0043-1354(82)90139-7},
    issn = {00431354}
}

@article{Characklis1982DynamicsMethodsb,
    title = {{Dynamics of biofilm processes: methods}},
    year = {1982},
    journal = {Water Research},
    author = {Characklis, W.G. and Trulear, M.G. and Bryers, J.D. and Zelver, N.},
    number = {7},
    pages = {1207--1216},
    volume = {16},
    publisher = {Pergamon},
    doi = {10.1016/0043-1354(82)90139-7},
    issn = {00431354}
}

@article{Tsoumpas2015EffectAir,
    title = {{Effect of Marangoni Flows on the Shape of Thin Sessile Droplets Evaporating into Air}},
    year = {2015},
    journal = {Langmuir},
    author = {Tsoumpas, Yannis and Dehaeck, Sam and Rednikov, Alexey and Colinet, Pierre},
    number = {49},
    pages = {13334--13340},
    volume = {31},
    url = {http://pubs.acs.org/doi/pdf/10.1021/acs.langmuir.5b02673},
    doi = {10.1021/acs.langmuir.5b02673},
    issn = {15205827}
}

@article{Wang2012EffectRecovery,
    title = {{Effect of Nutrient Addition on an Oil Reservoir Microbial Population: Implications for Enhanced Oil Recovery}},
    year = {2012},
    journal = {Journal of Petroleum {\&} Environmental Biotechnology},
    author = {Wang, Xiaoyi and Dongmei Li, Dongmei and Hendry, Phil and Volk, Herbert and Rashid, Abdul and Liu, Keyu and Ahmed, Manzur and Gong, Se and Daud, Wan Ata B Wan and Sutherl, Tara D},
    number = {03},
    pages = {1--11},
    volume = {03},
    publisher = {OMICS International},
    url = {http://www.omicsonline.org/2157-7463/2157-7463-3-118.digital/2157-7463-3-118.html},
    doi = {10.4172/2157-7463.1000118},
    issn = {21577463}
}

@article{Helfrich1973ElasticExperiments,
    title = {{Elastic Properties of Lipid Bilayers: Theory and Possible Experiments}},
    year = {1973},
    journal = {Zeitschrift fur Naturforschung - Section C Journal of Biosciences},
    author = {Helfrich, W},
    number = {11-12},
    pages = {693--703},
    volume = {28},
    url = {http://zfn.mpdl.mpg.de/data/Reihe_C/28/ZNC-1973-28c-0693.pdf},
    isbn = {0939-5075},
    doi = {10.1515/znc-1973-11-1209},
    issn = {18657125},
    pmid = {4273690},
    arxivId = {NIHMS150003},
    keywords = {Lipid bilayers, elastic properties}
}

@article{King2012ElasticInstabilities,
    title = {{Elastic sheet on a liquid drop reveals wrinkling and crumpling as distinct symmetry-breaking instabilities}},
    year = {2012},
    journal = {Proceedings of the National Academy of Sciences},
    author = {King, H. and Schroll, R. D. and Davidovitch, B. and Menon, N.},
    number = {25},
    month = {6},
    pages = {9716--9720},
    volume = {109},
    url = {http://www.ncbi.nlm.nih.gov/pubmed/22679292 http://www.pubmedcentral.nih.gov/articlerender.fcgi?artid=PMC3382559 http://www.pnas.org/cgi/doi/10.1073/pnas.1201201109},
    isbn = {1091-6490 (Electronic){\textbackslash}r0027-8424 (Linking)},
    doi = {10.1073/pnas.1201201109},
    issn = {0027-8424},
    pmid = {22679292}
}

@article{HEWITT2015Elastic-platedCurrents,
    title = {{Elastic-plated gravity currents}},
    year = {2015},
    journal = {European Journal of Applied Mathematics},
    author = {HEWITT, I. J. and BALMFORTH, N. J. and DE BRUYN, J. R.},
    number = {01},
    month = {2},
    pages = {1--31},
    volume = {26},
    url = {http://www.journals.cambridge.org/abstract_S0956792514000291},
    doi = {10.1017/S0956792514000291},
    issn = {0956-7925}
}

@article{Knoche2013ElastometryAnalysis,
    title = {{Elastometry of deflated capsules: Elastic moduli from shape and wrinkle analysis}},
    year = {2013},
    journal = {Langmuir},
    author = {Knoche, Sebastian and Vella, Dominic and Aumaitre, Elodie and Degen, Patrick and Rehage, Heinz and Cicuta, Pietro and Kierfeld, Jan},
    number = {40},
    pages = {12463--12471},
    volume = {29},
    url = {http://eprints.maths.ox.ac.uk/1716/1/finalOR17.pdf},
    isbn = {0743-7463},
    doi = {10.1021/la402322g},
    issn = {07437463},
    pmid = {24015876},
    arxivId = {arXiav:1309.3124v1}
}

@article{Nadell2010EmergenceCooperation,
    title = {{Emergence of Spatial Structure in Cell Groups and the Evolution of Cooperation}},
    year = {2010},
    journal = {PLoS Computational Biology},
    author = {Nadell, Carey D. and Foster, Kevin R. and Xavier, João B.},
    editor = {Pfeiffer, Thomas},
    number = {3},
    month = {3},
    pages = {e1000716},
    volume = {6},
    publisher = {Public Library of Science},
    url = {http://dx.plos.org/10.1371/journal.pcbi.1000716},
    doi = {10.1371/journal.pcbi.1000716},
    issn = {1553-7358}
}

@article{H.A.StoneA.D.Stroock2004EngineeringLab-on-a-Chip,
    title = {{Engineering flows in small devices: Microfluidics Toward a Lab-on-a-Chip}},
    year = {2004},
    journal = {Annu. Rev. Fluid Mech},
    author = {H.A. Stone, A.D. Stroock, and A. Ajdari},
    number = {1},
    month = {1},
    pages = {347--382},
    volume = {36},
    publisher = {Annual Reviews},
    url = {http://arjournals.annualreviews.org/doi/abs/10.1146%2Fannurev.fluid.36.050802.122124},
    isbn = {9781607412588},
    doi = {10.1146/annurev.fluid.36.050802.122124},
    issn = {0066-4189},
    keywords = {electro-osmosis, low-Reynolds-number hydrodynamics, microdevices, mixing, nanofluidics}
}

@article{Das2010EquilibriumDI,
    title = {{Equilibrium shape and contact angle of sessile drops of different volumes—Computation by SPH and its further improvement by DI}},
    year = {2010},
    journal = {Chemical Engineering Science},
    author = {Das, A.K. and Das, P.K.},
    number = {13},
    month = {7},
    pages = {4027--4037},
    volume = {65},
    url = {http://linkinghub.elsevier.com/retrieve/pii/S0009250910001910},
    doi = {10.1016/j.ces.2010.03.043},
    issn = {00092509}
}

@article{Hajirahimi2015ExactDrops,
    title = {{Exact identities for sessile drops}},
    year = {2015},
    journal = {Applied Mathematics and Mechanics},
    author = {Hajirahimi, M. and Mokhtari, F. and Fatollahi, A. H.},
    number = {3},
    month = {3},
    pages = {293--302},
    volume = {36},
    url = {http://link.springer.com/10.1007/s10483-015-1916-6},
    doi = {10.1007/s10483-015-1916-6},
    issn = {0253-4827}
}

@article{Nadell2015ExtracellularBiofilms.,
    title = {{Extracellular matrix structure governs invasion resistance in bacterial biofilms.}},
    year = {2015},
    journal = {The ISME journal},
    author = {Nadell, Carey D and Drescher, Knut and Wingreen, Ned S and Bassler, Bonnie L},
    number = {8},
    month = {8},
    pages = {1700--9},
    volume = {9},
    publisher = {Nature Publishing Group},
    url = {http://www.ncbi.nlm.nih.gov/pubmed/25603396 http://www.pubmedcentral.nih.gov/articlerender.fcgi?artid=PMC4511925},
    doi = {10.1038/ismej.2014.246},
    issn = {1751-7370},
    pmid = {25603396}
}

@phdthesis{Mao2005FabricationEnvironments,
    title = {{Fabrication and characterization of nanofluidic channels for studying molecular dynamics in confined environments}},
    year = {2005},
    author = {Mao, Pan},
    publisher = {Massachusetts Institute of Technology},
    url = {https://dspace.mit.edu/handle/1721.1/34152#files-area}
}

@article{Conrad2011FlagellaAeruginosa,
    title = {{Flagella and Pili-Mediated Near-Surface Single-Cell Motility Mechanisms in P. aeruginosa}},
    year = {2011},
    journal = {Biophysical Journal},
    author = {Conrad, Jacinta C. and Gibiansky, Maxsim L. and Jin, Fan and Gordon, Vernita D. and Motto, Dominick A. and Mathewson, Margie A. and Stopka, Wiktor G. and Zelasko, Daria C. and Shrout, Joshua D. and Wong, Gerard C.L.},
    number = {7},
    pages = {1608--1616},
    volume = {100},
    doi = {10.1016/j.bpj.2011.02.020},
    issn = {00063495}
}

@article{Tsao2015FluidEnhancement,
    title = {{Fluid Flow Shear Stress Stimulation on a Multiplex Microfluidic Device for Rat Bone Marrow Stromal Cell Differentiation Enhancement}},
    year = {2015},
    journal = {Micromachines},
    author = {Tsao, Chia-Wen and Cheng, Yu-Che and Cheng, Jhih-Hao},
    number = {12},
    month = {12},
    pages = {1996--2009},
    volume = {6},
    publisher = {Multidisciplinary Digital Publishing Institute},
    url = {http://www.mdpi.com/2072-666X/6/12/1470},
    doi = {10.3390/mi6121470},
    issn = {2072-666X},
    keywords = {fluid flow shear stress, microfluidics, neuronal cell differentiation, rat bone marrow stromal cell, stem cell stimulation}
}

@article{Marusic-Paloka2001FluidPipes,
    title = {{Fluid flow through a network of thin pipes}},
    year = {2001},
    journal = {Comptes Rendus de l'Acad{\'{e}}mie des Sciences - Series IIB - Mechanics},
    author = {Maru{\v{s}}i{\'{c}}-Paloka, Eduard},
    number = {2},
    month = {2},
    pages = {103--108},
    volume = {329},
    publisher = {Elsevier Masson},
    url = {https://www.sciencedirect.com/science/article/pii/S1620774200012964},
    doi = {10.1016/S1620-7742(00)01296-4},
    issn = {1620-7742}
}

@misc{FluorinertSigma-Aldrich,
    title = {{Fluorinert™ FC-40 | Sigma-Aldrich}},
    url = {http://www.sigmaaldrich.com/catalog/product/sigma/f9755?lang=en&region=GB}
}

@article{Rouimi2005FoamSystems,
    title = {{Foam stability and interfacial properties of milk protein–surfactant systems}},
    year = {2005},
    journal = {Food Hydrocolloids},
    author = {Rouimi, Sandrine and Schorsch, Catherine and Valentini, Céline and Vaslin, Sophie},
    number = {3},
    month = {5},
    pages = {467--478},
    volume = {19},
    publisher = {Elsevier},
    url = {https://www.sciencedirect.com/science/article/pii/S0268005X04001614},
    doi = {10.1016/J.FOODHYD.2004.10.032},
    issn = {0268-005X}
}

@article{Omocea2017FormationLiquid,
    title = {{Formation and Break-up of Pendant Drops in a Viscous Liquid}},
    year = {2017},
    journal = {Energy Procedia},
    author = {Omocea, Ioana Laura and Damian, Iulia - Rodica and Patrascu, Claudiu and Balan, Corneliu},
    month = {3},
    pages = {204--209},
    volume = {112},
    url = {http://linkinghub.elsevier.com/retrieve/pii/S1876610217312092},
    doi = {10.1016/j.egypro.2017.03.1084},
    issn = {18766102}
}

@article{Paguirigan2009FromCultures,
    title = {{From the cellular perspective: exploring differences in the cellular baseline in macroscale and microfluidic cultures}},
    year = {2009},
    journal = {Integrative Biology},
    author = {Paguirigan, Amy L. and Beebe, David J.},
    number = {2},
    month = {2},
    pages = {182},
    volume = {1},
    publisher = {Royal Society of Chemistry},
    url = {http://xlink.rsc.org/?DOI=b814565b},
    doi = {10.1039/b814565b},
    issn = {1757-9694}
}

@article{Paguirigan2009FromCulturesb,
    title = {{From the cellular perspective: exploring differences in the cellular baseline in macroscale and microfluidic cultures}},
    year = {2009},
    journal = {Integrative Biology},
    author = {Paguirigan, Amy L. and Beebe, David J.},
    number = {2},
    month = {2},
    pages = {182},
    volume = {1},
    url = {http://www.ncbi.nlm.nih.gov/pubmed/20023802 http://www.pubmedcentral.nih.gov/articlerender.fcgi?artid=PMC3095018 http://xlink.rsc.org/?DOI=b814565b},
    doi = {10.1039/b814565b},
    issn = {1757-9694},
    pmid = {20023802}
}

@article{Full-text,
    title = {{full-text}}
}

@book{Carrier2005FunctionsTechnique,
    title = {{Functions of a complex variable : theory and technique}},
    year = {2005},
    author = {Carrier, George F. and Krook, Max. and Pearson, Carl E.},
    pages = {438},
    publisher = {Society for Industrial and Applied Mathematics},
    url = {https://books.google.co.uk/books?id=M2IwKL-_HQ8C&pg=PA180&lpg=PA180&dq=schwarz+christoffel+transform+of+biharmonic+function&source=bl&ots=HRl0m8KXg0&sig=jY-gshBv5DJIDBDVlVCDCwIJIQM&hl=en&sa=X&ved=0ahUKEwi0w5OU2MPaAhXIZ1AKHdCiA9YQ6AEIODAB#v=onepage&q=schwarz%20christoffel%20transform%20of%20biharmonic%20function&f=false},
    isbn = {0898715954}
}

@article{Ronald2013Gravity-drivenDynamics,
    title = {{Gravity-driven thin liquid films: rivulets and flow dynamics}},
    year = {2013},
    author = {Ronald, David and Slade, James},
    number = {September},
    url = {http://etheses.whiterose.ac.uk/5826/1/DRJSladethesis.pdf}
}

@article{Gospodarowicz1976GrowthCulture,
    title = {{Growth Factors in Mammalian Cell Culture}},
    year = {1976},
    journal = {Annual Review of Biochemistry},
    author = {Gospodarowicz, D and Moran, J S},
    number = {1},
    month = {6},
    pages = {531--558},
    volume = {45},
    url = {http://www.ncbi.nlm.nih.gov/pubmed/786157 http://www.annualreviews.org/doi/10.1146/annurev.bi.45.070176.002531},
    doi = {10.1146/annurev.bi.45.070176.002531},
    issn = {0066-4154},
    pmid = {786157}
}

@article{GospodarowiczGROWTHCULTUREl,
    title = {{GROWTH FACTORS IN MAMMALIAN CELL CULTUREl}},
    author = {Gospodarowicz, Denis and Mo, John S},
    url = {http://www.annualreviews.org/doi/pdf/10.1146/annurev.bi.45.070176.002531}
}

@book{Zwillinger1989HandbookEquations,
    title = {{Handbook of differential equations}},
    year = {1989},
    author = {Zwillinger, Daniel},
    pages = {694},
    publisher = {Academic Press},
    isbn = {9781483220963}
}

@article{Belanger2001HemocompatibilityReview.,
    title = {{Hemocompatibility, biocompatibility, inflammatory and in vivo studies of primary reference materials low-density polyethylene and polydimethylsiloxane: a review.}},
    year = {2001},
    journal = {Journal of biomedical materials research},
    author = {B{\'{e}}langer, M C and Marois, Y},
    number = {5},
    pages = {467--77},
    volume = {58},
    url = {http://www.ncbi.nlm.nih.gov/pubmed/11505420},
    issn = {0021-9304},
    pmid = {11505420}
}

@article{HuberHydrodynamicsStudies,
    title = {{Hydrodynamics in Cell Studies}},
    author = {Huber, Deborah and Oskooei, Ali and Casadevall Solvas, Xavier and deMello, Andrew and Kaigala, Govind V},
    url = {https://pubs.acs.org/doi/pdfplus/10.1021/acs.chemrev.7b00317},
    doi = {10.1021/acs.chemrev.7b00317}
}

@article{Yang2008InInfections.,
    title = {{In situ growth rates and biofilm development of Pseudomonas aeruginosa populations in chronic lung infections.}},
    year = {2008},
    journal = {Journal of bacteriology},
    author = {Yang, Lei and Haagensen, Janus A J and Jelsbak, Lars and Johansen, Helle Krogh and Sternberg, Claus and H{\o}iby, Niels and Molin, Søren},
    number = {8},
    month = {4},
    pages = {2767--76},
    volume = {190},
    publisher = {American Society for Microbiology},
    url = {http://www.ncbi.nlm.nih.gov/pubmed/18156255 http://www.pubmedcentral.nih.gov/articlerender.fcgi?artid=PMC2293235},
    doi = {10.1128/JB.01581-07},
    issn = {1098-5530},
    pmid = {18156255}
}

@article{Cunningham1991InfluenceHydrodynamics,
    title = {{Influence of biofilm accumulation on porous media hydrodynamics}},
    year = {1991},
    journal = {Environmental Science {\&} Technology},
    author = {Cunningham, Alfred B. and Characklis, William G. and Abedeen, Feisal and Crawford, David},
    number = {7},
    month = {7},
    pages = {1305--1311},
    volume = {25},
    url = {http://pubs.acs.org/doi/abs/10.1021/es00019a013},
    doi = {10.1021/es00019a013},
    issn = {0013-936X}
}

@article{Sharma2005InfluenceSurface.,
    title = {{Influence of fluid shear and microbubbles on bacterial detachment from a surface.}},
    year = {2005},
    journal = {Applied and environmental microbiology},
    author = {Sharma, Prashant K and Gibcus, Marjon J and van der Mei, Henny C and Busscher, Henk J},
    number = {7},
    month = {7},
    pages = {3668--73},
    volume = {71},
    publisher = {American Society for Microbiology},
    url = {http://www.ncbi.nlm.nih.gov/pubmed/16000775 http://www.pubmedcentral.nih.gov/articlerender.fcgi?artid=PMC1169060},
    doi = {10.1128/AEM.71.7.3668-3673.2005},
    issn = {0099-2240},
    pmid = {16000775}
}

@phdthesis{Coyte2015InvestigatingCommunities,
    title = {{Investigating the ecology and evolution of complex bacterial communities}},
    year = {2015},
    author = {Coyte, Katharine},
    pages = {58},
    school = {Oxford}
}

@misc{LECTUREInterface,
    title = {{LECTURE 2: Stress Conditions at a Fluid-fluid Interface}}
}

@article{Michor2004LinearInitiation.,
    title = {{Linear model of colon cancer initiation.}},
    year = {2004},
    journal = {Cell cycle (Georgetown, Tex.)},
    author = {Michor, Franziska and Iwasa, Yoh and Rajagopalan, Harith and Lengauer, Christoph and Nowak, Martin A},
    number = {3},
    month = {3},
    pages = {358--62},
    volume = {3},
    url = {http://www.ncbi.nlm.nih.gov/pubmed/14726709},
    doi = {10.4161/CC.3.3.690},
    issn = {1538-4101},
    pmid = {14726709}
}

@article{Oron1997Long-scaleFilms,
    title = {{Long-scale evolution of thin liquid films}},
    year = {1997},
    journal = {Reviews of Modern Physics},
    author = {Oron, Alexander and Davis, Stephen H. and Bankoff, S. George},
    number = {3},
    month = {7},
    pages = {931--980},
    volume = {69},
    url = {https://link.aps.org/doi/10.1103/RevModPhys.69.931},
    doi = {10.1103/RevModPhys.69.931},
    issn = {0034-6861},
    keywords = {boundary conditions, capillary flow, dynamics, evaporation, film condensation, flow stress, geometry, interfaces, liquids, mass, nonlinear problems, physics, reviews, shear properties, stability, surface tension, surfactants, temperature dependence, thin films, van der waals forces, viscosity}
}

@article{Klapper2010MathematicalBiofilms,
    title = {{Mathematical Description of Microbial Biofilms}},
    year = {2010},
    journal = {SIAM Review},
    author = {Klapper, Isaac and Dockery, Jack},
    number = {2},
    month = {1},
    pages = {221--265},
    volume = {52},
    url = {http://epubs.siam.org/doi/abs/10.1137/080739720},
    doi = {10.1137/080739720},
    issn = {0036-1445}
}

@article{Berry2015MeasurementTensiometry,
    title = {{Measurement of surface and interfacial tension using pendant drop tensiometry}},
    year = {2015},
    journal = {Journal of Colloid and Interface Science},
    author = {Berry, Joseph D. and Neeson, Michael J. and Dagastine, Raymond R. and Chan, Derek Y.C. and Tabor, Rico F.},
    month = {9},
    pages = {226--237},
    volume = {454},
    url = {http://linkinghub.elsevier.com/retrieve/pii/S002197971500466X},
    doi = {10.1016/j.jcis.2015.05.012},
    issn = {00219797}
}

@article{Costerton1995MicrobialBiofilms,
    title = {{Microbial Biofilms}},
    year = {1995},
    journal = {Annual Review of Microbiology},
    author = {Costerton, J W and Lewandowski, Z and Caldwell, D E and Korber, D R and Lappin-Scott, H M},
    number = {1},
    month = {10},
    pages = {711--745},
    volume = {49},
    publisher = { Annual Reviews  4139 El Camino Way, P.O. Box 10139, Palo Alto, CA 94303-0139, USA  },
    url = {http://www.annualreviews.org/doi/10.1146/annurev.mi.49.100195.003431},
    doi = {10.1146/annurev.mi.49.100195.003431},
    issn = {0066-4227}
}

@article{Mehling2014MicrofluidicCulture,
    title = {{Microfluidic cell culture}},
    year = {2014},
    journal = {Current Opinion in Biotechnology},
    author = {Mehling, Matthias and Tay, Savaş},
    month = {2},
    pages = {95--102},
    volume = {25},
    url = {http://www.ncbi.nlm.nih.gov/pubmed/24484886 http://linkinghub.elsevier.com/retrieve/pii/S0958166913006794},
    doi = {10.1016/j.copbio.2013.10.005},
    issn = {09581669},
    pmid = {24484886}
}

@article{Soitu2018MicrofluidicBiology.,
    title = {{Microfluidic chambers using fluid walls for cell biology.}},
    year = {2018},
    journal = {Proceedings of the National Academy of Sciences of the United States of America},
    author = {Soitu, Cristian and Feuerborn, Alexander and Tan, Ann Na and Walker, Henry and Walsh, Pat A and Castrej{\'{o}}n-Pita, Alfonso A and Cook, Peter R and Walsh, Edmond J},
    number = {26},
    month = {6},
    pages = {E5926-E5933},
    volume = {115},
    publisher = {National Academy of Sciences},
    url = {http://www.ncbi.nlm.nih.gov/pubmed/29895687 http://www.pubmedcentral.nih.gov/articlerender.fcgi?artid=PMC6042120},
    doi = {10.1073/pnas.1805449115},
    issn = {1091-6490},
    pmid = {29895687},
    keywords = {fluid walls, interfacial tension, microfluidics, sessile drops, tissue culture}
}

@techreport{Microfluidics,
    title = {{Microfluidics}},
    url = {http://iranmf.ir/Portals/0/Content_Pic/95/Microfluidics.pdf}
}

@misc{MicrofluidicsElveflow,
    title = {{Microfluidics and microfluidic devices: a review - Elveflow}},
    url = {http://www.elveflow.com/microfluidic-tutorials/microfluidic-reviews-and-tutorials/microfluidics-and-microfluidic-device-a-review/}
}

@article{Ahmed2010MicrofluidicsChemotaxis,
    title = {{Microfluidics for bacterial chemotaxis}},
    year = {2010},
    journal = {Integrative Biology},
    author = {Ahmed, Tanvir and Shimizu, Thomas S. and Stocker, Roman and Libchaber, A. and Groisman, A. and Levchenko, A. and Lee, K. H. and Kim, H. J. and Brody, J. and Jeon, N. L.},
    number = {11-12},
    month = {11},
    pages = {604},
    volume = {2},
    publisher = {The Royal Society of Chemistry},
    url = {http://xlink.rsc.org/?DOI=c0ib00049c},
    doi = {10.1039/c0ib00049c},
    issn = {1757-9694}
}

@book{2016MicrofluidicsBiologists,
    title = {{Microfluidics for Biologists}},
    year = {2016},
    editor = {Dixit, Chandra K. and Kaushik, Ajeet},
    publisher = {Springer International Publishing},
    url = {http://link.springer.com/10.1007/978-3-319-40036-5},
    address = {Cham},
    isbn = {978-3-319-40035-8},
    doi = {10.1007/978-3-319-40036-5}
}

@article{Paguirigan2008MicrofluidicsAssays,
    title = {{Microfluidics meet cell biology: bridging the gap by validation and application of microscale techniques for cell biological assays}},
    year = {2008},
    journal = {BioEssays},
    author = {Paguirigan, Amy L. and Beebe, David J.},
    number = {9},
    month = {9},
    pages = {811--821},
    volume = {30},
    url = {http://www.ncbi.nlm.nih.gov/pubmed/18693260 http://www.pubmedcentral.nih.gov/articlerender.fcgi?artid=PMC2814162 http://doi.wiley.com/10.1002/bies.20804},
    doi = {10.1002/bies.20804},
    issn = {02659247},
    pmid = {18693260}
}

@article{Walsh2017MicrofluidicsWalls,
    title = {{Microfluidics with fluid walls}},
    year = {2017},
    journal = {Nature Communications},
    author = {Walsh, Edmond J. and Feuerborn, Alexander and Wheeler, James H. R. and Tan, Ann Na and Durham, William M. and Foster, Kevin R. and Cook, Peter R.},
    number = {1},
    month = {12},
    pages = {816},
    volume = {8},
    publisher = {Nature Publishing Group},
    url = {http://www.nature.com/articles/s41467-017-00846-4},
    doi = {10.1038/s41467-017-00846-4},
    issn = {2041-1723},
    keywords = {Humanities and Social Sciences, Science, multidisciplinary}
}

@article{Verpoorte1993Microfluidics-aReview,
    title = {{Microfluidics-a review Three-dimensional micro flow manifolds for miniaturized chemical analysis systems Liquid flow in microchannels: experimental observations and computational analyses of microfluidics effects Electroosmotic pumping and electrophoretic separations for miniaturized chemical analysis systems Microfluidics-a review}},
    year = {1993},
    journal = {J. Mioromech. Microeng},
    author = {Verpoorte, E M J and Van, B H and Schoot, Der and Jeanneret, S and Yuen, Po Ki and Kricka, Larry J and Wilding, Peter and Koo, Junemo and Kleinstreuer, Clement and Manz, A and Effenhauser, C S and Burggraf, N and Gravesen, Peter and Branebjerg, Jens and Ssnderg{\%}rd Jensen, Ole},
    pages = {16--82},
    volume = {3},
    url = {http://iopscience.iop.org/0960-1317/3/4/002}
}

@article{BalemansModelingExperiments,
    title = {{Modeling of complex interfaces for pendant drop experiments}},
    journal = {Rheologica Acta},
    author = {Balemans, Caroline and Hulsen, Martien A. and Anderson, Patrick D.},
    number = {10},
    pages = {801--822},
    volume = {55},
    publisher = {Springer Berlin Heidelberg},
    url = {https://link.springer.com/article/10.1007/s00397-016-0956-1},
    doi = {10.1007/s00397-016-0956-1},
    issn = {0035-4511}
}

@article{Cimrk2012ModellingApplications,
    title = {{Modelling and simulation of processes in microfluidic devices for biomedical applications}},
    year = {2012},
    journal = {Computers {\&} Mathematics with Applications},
    author = {Cimr?k, I. and Gusenbauer, M. and Schrefl, T.},
    number = {3},
    month = {8},
    pages = {278--288},
    volume = {64},
    url = {http://linkinghub.elsevier.com/retrieve/pii/S0898122112000831},
    doi = {10.1016/j.camwa.2012.01.062},
    issn = {08981221}
}

@article{Cogan2010MultiphaseBiofilms,
    title = {{Multiphase flow models of biogels from crawling cells to bacterial biofilms}},
    year = {2010},
    journal = {HFSP Journal},
    author = {Cogan, N. G. and Guy, Robert D.},
    number = {1},
    month = {2},
    pages = {11--25},
    volume = {4},
    url = {http://www.tandfonline.com/doi/abs/10.2976/1.3291142},
    doi = {10.2976/1.3291142},
    issn = {1955-2068}
}

@article{Perazzo2004Navier-StokesPlane,
    title = {{Navier-Stokes solutions for parallel flow in rivulets on an inclined plane}},
    year = {2004},
    journal = {Journal of Fluid Mechanics},
    author = {Perazzo, Carlos a. and Gratton, Julio},
    month = {5},
    pages = {367--379},
    volume = {507},
    publisher = {Cambridge University Press},
    url = {http://www.journals.cambridge.org/abstract_S0022112004008791},
    doi = {10.1017/S0022112004008791},
    issn = {0022-1120}
}

@article{Kurganov2000NewEquations,
    title = {{New High-Resolution Central Schemes for Nonlinear Conservation Laws and Convection–Diffusion Equations}},
    year = {2000},
    journal = {Journal of Computational Physics},
    author = {Kurganov, Alexander and Tadmor, Eitan},
    number = {1},
    pages = {241--282},
    volume = {160},
    publisher = {Academic Press},
    doi = {10.1006/jcph.2000.6459},
    issn = {00219991}
}

@article{Ren2014NewBiology,
    title = {{New materials for microfluidics in biology}},
    year = {2014},
    journal = {Current Opinion in Biotechnology},
    author = {Ren, Kangning and Chen, Yin and Wu, Hongkai},
    month = {2},
    pages = {78--85},
    volume = {25},
    url = {http://www.ncbi.nlm.nih.gov/pubmed/24484884 http://linkinghub.elsevier.com/retrieve/pii/S0958166913006642},
    doi = {10.1016/j.copbio.2013.09.004},
    issn = {09581669},
    pmid = {24484884}
}

@article{NoTitle,
    title = {{No Title}}
}

@misc{Vella2015NotesFluids,
    title = {{Notes for C5.7: Topics in Fluids}},
    year = {2015},
    author = {Vella, Dominic and Howell, Peter and Chapman, Jon}
}

@article{Abozeid2008NUMERICALTRIBUTARIES,
    title = {{NUMERICAL AND EXPERIMENTAL ANALYSIS OF DIVIDING FLOW IN SHORT OPEN CHANNEL TRIBUTARIES}},
    year = {2008},
    journal = {Journal of Engineering Sciences, Assiut University},
    author = {Abozeid, Gamal},
    number = {1},
    pages = {1--18},
    volume = {36},
    url = {http://www.aun.edu.eg/journal_files/15_J_6537.pdf},
    keywords = {Dividing Flow, Open channel Junction, Schwarz-Christoffel Transformation}
}

@article{Meissner2017Oil-in-waterPackings,
    title = {{Oil-in-water microfluidics on the colloidal scale: new routes to self-assembly and glassy packings}},
    year = {2017},
    author = {Meissner, Max and Dong, Jun and Eggers, Jens and Seddon, Annela M and Patrick, C and Abef, Royall},
    url = {http://pubs.rsc.org/en/content/articlelanding/2017/sm/c6sm02390h#!divAbstract. http://www.bristol.ac.uk/pure/about/ebr-terms.html},
    doi = {10.1039/C6SM02390H}
}

@article{Fordham1948OnDrops,
    title = {{On the Calculation of Surface Tension from Measurements of Pendant Drops}},
    year = {1948},
    journal = {Proceedings of the Royal Society of London A: Mathematical, Physical and Engineering Sciences},
    author = {Fordham, S.},
    number = {1036},
    volume = {194},
    url = {http://rspa.royalsocietypublishing.org/content/194/1036/1.short}
}

@article{Tate1864OnCircumstances,
    title = {{On the magnitude of a drop of liquid formed under different circumstances}},
    year = {1864},
    journal = {The London, Edinburgh, and Dublin Philosophical Magazine and Journal of Science},
    author = {Tate, Thomas},
    pages = {176--180},
    volume = {XXVII},
    url = {http://www.tandfonline.com/action/journalInformation?journalCode=4phm20},
    isbn = {1941-5982},
    doi = {10.1080/14786446408643645},
    issn = {1941-5982}
}

@article{Henderson1997OnFluid,
    title = {{On the pinch-off of a pendant drop of viscous fluid}},
    year = {1997},
    journal = {Physics of Fluids},
    author = {Henderson, Diane M. and Pritchard, William G. and Smolka, Linda B.},
    number = {11},
    month = {6},
    pages = {3188--3200},
    volume = {9},
    publisher = {American Institute of Physics},
    url = {http://aip.scitation.org/doi/abs/10.1063/1.869435 http://link.aip.org/link/PHFLE6/v9/i11/p3188/s1&Agg=doi},
    doi = {10.1063/1.869435},
    issn = {10706631},
    keywords = {drops}
}

@article{HendersonOnFluid,
    title = {{On the pinch-off of a pendant drop of viscous fluid}},
    author = {Henderson, Diane M and Pritchard, William G and Smolka, Linda B},
    url = {http://www.personal.psu.edu/dmh9/Pubs/drops-hen-prit-smol.pdf}
}

@article{OBrien1991OnTechniques,
    title = {{On the shape of small sessile and pendant drops by singular perturbation techniques}},
    year = {1991},
    journal = {Journal of Fluid Mechanics},
    author = {O'Brien, S. B. G.},
    number = {-1},
    month = {12},
    pages = {519},
    volume = {233},
    url = {http://www.journals.cambridge.org/abstract_S0022112091000587},
    doi = {10.1017/S0022112091000587},
    issn = {0022-1120}
}

@article{vanderValk2010OptimizationMethods,
    title = {{Optimization of chemically defined cell culture media - Replacing fetal bovine serum in mammalian in vitro methods}},
    year = {2010},
    journal = {Toxicology in Vitro},
    author = {van der Valk, J. and Brunner, D. and De Smet, K. and Fex Svenningsen, Å and Honegger, P. and Knudsen, L. E. and Lindl, T. and Noraberg, J. and Price, A. and Scarino, M. L. and Gstraunthaler, G.},
    number = {4},
    month = {6},
    pages = {1053--1063},
    volume = {24},
    url = {http://linkinghub.elsevier.com/retrieve/pii/S0887233310000809},
    isbn = {0887-2333},
    doi = {10.1016/j.tiv.2010.03.016},
    issn = {08872333},
    pmid = {20362047},
    keywords = {3Rs, Fetal bovine serum, Good cell culture practice, In vitro methods, Serum-free, Tissue culture}
}

@article{Costerton1995OverviewBiofilms,
    title = {{Overview of microbial biofilms}},
    year = {1995},
    journal = {Journal of Industrial Microbiology},
    author = {Costerton, JW},
    number = {3},
    month = {9},
    pages = {137--140},
    volume = {15},
    publisher = {Springer-Verlag},
    url = {http://link.springer.com/10.1007/BF01569816},
    doi = {10.1007/BF01569816},
    issn = {0169-4146}
}

@article{Wessel2014OxygenAggregate.,
    title = {{Oxygen limitation within a bacterial aggregate.}},
    year = {2014},
    journal = {mBio},
    author = {Wessel, Aimee K and Arshad, Talha A and Fitzpatrick, Mignon and Connell, Jodi L and Bonnecaze, Roger T and Shear, Jason B and Whiteley, Marvin},
    number = {2},
    pages = {e00992},
    volume = {5},
    publisher = {American Society for Microbiology (ASM)},
    url = {http://www.ncbi.nlm.nih.gov/pubmed/24736225 http://www.pubmedcentral.nih.gov/articlerender.fcgi?artid=PMC3994514},
    doi = {10.1128/mBio.00992-14},
    issn = {2150-7511},
    pmid = {24736225}
}

@article{Loewner1953PacificMAPPINGS,
    title = {{Pacific Journal of Mathematics ON GENERATION OF SOLUTIONS OF THE BIHARMONIC EQUATION IN THE PLANE BY CONFORMAL MAPPINGS ON GENERATION OF SOLUTIONS OF THE BIHARMONIC EQUATION IN THE PLANE BY CONFORMAL MAPPINGS}},
    year = {1953},
    author = {Loewner, Charles},
    number = {2},
    volume = {3},
    url = {https://msp.org/pjm/1953/3-2/pjm-v3-n2-p11-p.pdf}
}

@article{Toepke2006PDMSApplications,
    title = {{PDMS absorption of small molecules and consequences in microfluidic applications}},
    year = {2006},
    journal = {Lab on a Chip},
    author = {Toepke, Michael W. and Beebe, David J.},
    number = {12},
    month = {11},
    pages = {1484},
    volume = {6},
    publisher = {The Royal Society of Chemistry},
    url = {http://xlink.rsc.org/?DOI=b612140c},
    doi = {10.1039/b612140c},
    issn = {1473-0197}
}

@article{Boucher1975PendentPhenomena,
    title = {{Pendent Drop Profiles and Related Capillary Phenomena}},
    year = {1975},
    journal = {Proceedings of the Royal Society of London A: Mathematical, Physical and Engineering Sciences},
    author = {Boucher, E. A. and Evans, M. J. B.},
    number = {1646},
    volume = {346}
}

@article{Stewart2008PhysiologicalBiofilms,
    title = {{Physiological heterogeneity in biofilms}},
    year = {2008},
    journal = {Nature Reviews Microbiology},
    author = {Stewart, Philip S. and Franklin, Michael J.},
    number = {3},
    month = {3},
    pages = {199--210},
    volume = {6},
    publisher = {Nature Publishing Group},
    url = {http://www.nature.com/doifinder/10.1038/nrmicro1838},
    doi = {10.1038/nrmicro1838},
    issn = {1740-1526}
}

@article{Folsom2010PhysiologyAnalysis,
    title = {{Physiology of Pseudomonas aeruginosa in biofilms as revealed by transcriptome analysis}},
    year = {2010},
    journal = {BMC Microbiology},
    author = {Folsom, James P and Richards, Lee and Pitts, Betsey and Roe, Frank and Ehrlich, Garth D and Parker, Albert and Mazurie, Aurélien and Stewart, Philip S and Stewart, PS and Franklin, MJ and Whiteley, M and Bangera, MG and Bumgarner, RE and Parsek, MR and Teitzel, GM and Lory, S and Greenberg, EP and An, D and Parsek, MR and Hentzer, M and Eberl, L and Givskov, M and Waite, R and Paccanaro, A and Papakonstantinopoulou, A and Hurst, J and Saqi, M and Littler, E and Curtis, M and Waite, RD and Papakonstantinopoulou, A and Littler, E and Curtis, MA and Patell, S and Gu, M and Davenport, P and Givskov, M and Waite, RD and Welch, M and Mah, T-F and O'Toole, GA and Ochsner, UA and Wilderman, PJ and Vasil, AI and Vasil, ML and Lenz, AP and Williamson, KS and Franklin, MJ and Perez-Osorio, AC and Williamson, KS and Franklin, MJ and Borriello, G and Werner, E and Roe, F and Kim, AM and Ehrlich, GD and Stewart, PS and Walters, MC and Roe, F and Bugnicourt, A and Franklin, MJ and Stewart, PS and Werner, E and Roe, F and Bugnicourt, A and Franklin, MJ and Hayden, A and Molin, S and Pitts, B and Stewart, PS and Alvarez-Ortega, C and Harwood, CS and Cirz, RT and O'Neill, BM and Hammond, JA and Head, SR and Romesberg, FE and Muller, JF and Stevens, AM and Craig, J and Love, NG and Nalca, Y and Jansch, L and Bredenbruch, F and Geffers, R and Buer, J and Haussler, S and Son, MS and Matthews, WJJ and Kang, Y and Nguyen, DT and Hoang, TT and Teitzel, GM and Geddie, A and Long, SK De and Kirisits, MJ and Whiteley, M and Parsek, MR and Tralau, T and Vuilleumier, S and Thibault, C and Campbell, BJ and Hart, CA and Kertesz, MA and Zheng, P and Sun, J and Geffers, R and Zeng, A-P and Hancock, REW and Carey, AM and Trunk, K and Benkert, B and Quack, N and Munch, R and Scheer, M and Garbe, J and Trost, M and Wehland, J and Buer, J and Jahn, M and Filiatrault, MJ and Wagner, VE and Bushnell, D and Haidaris, CG and Iglewski, BH and Passador, L and Ball, CA and Osuna, R and Ferguson, KC and Johnson, RC and Fujita, M and Tanaka, K and Takahashi, H and Amemura, A and Schuster, M and Hawkins, AC and Harwood, CS and Greenberg, EP and Yuste, L and Hervas, AB and Canosa, I and Tobes, R and Jimenez, JI and Nogales, J and Perez-Perez, MM and Santero, E and Diaz, E and Ramos, JL and Williamson, K and McCarty, PL and Stewart, PS and Characklis, WG and Carlson, CA and Ingraham, JL and Wauven, C Vander and Pierard, A and Kley-Raymann, M and Haas, D and Xu, KD and McFeters, GA and Stewart, PS and Xu, KD and Stewart, PS and Xia, F and Huang, C-T and McFeters, GA and Wada, A and Igrashi, K and Yoshimura, S and Aimoto, S and Ishihama, A and Yamanaka, K and Zheng, W and Crooke, E and Wang, YH and Inouye, M and Xu, KD and Franklin, MJ and Park, C-H and McFeters, GA and Stewart, PS and Palma, M and DeLuca, D and Worgall, S and Quadri, LEN and Salunkhe, P and Topfer, T and Buer, J and Tummler, B and Small, DA and Chang, W and Toghrol, F and Bentley, WE and Hentzer, M and Wu, H and Andersen, JB and Riedel, K and Rasmussen, TB and Bagge, N and Kumar, N and Schembri, MA and Song, Z and Kristofferson, P and Schuster, M and Lostroh, CP and Ogi, T and Greenberg, EP and Wagner, VE and Bushnell, D and Passador, L and Brooks, AI and Iglewski, BH and Rampioni, G and Schuster, M and Greenberg, EP and Bertani, I and Grasso, M and Venturi, V and Zennaro, E and Leoni, L and Davies, DG and Parsek, MR and Pearson, JP and Iglewski, BH and Costerton, JW and Greenberg, EP and Kievit, TR De and Iglewski, BH and Marx, S and Brown, C and Sauer, K and Camper, AK and Ehrlich, GD and Costerton, W and Davies, DG and Shrout, JD and Chopp, DL and Just, CL and Hentzer, M and Givskov, M and Parsek, MR and Morici, LA and Carterson, AJ and Wagner, VE and Frisk, A and Schurr, JR and Bentrup, K Höner zu and Hassett, DJ and Iglewski, BH and Sauer, K and Schurr, MJ and Matsukawa, M and Greenberg, EP and Wozniak, DJ and Wyckoff, TJO and Starkey, M and Keyser, R and Azadi, P and O'Toole, GA and Parsek, MR and Borlee, BR and Goldman, AD and Murakami, K and Samudrala, R and Wozniak, DJ and Parsek, MR and Barken, KB and Pamp, SJ and Yang, L and Gjermansen, M and Bertrand, JJ and Klausen, M and Givskov, M and Whitchurch, CB and Engel, JN and Tolker-Nielsen, T and Jurcisek, JA and Bakaletz, LO and Stewart, PS and Wattanakaroon, W and Goodrum, L and Fortun, SM and McLeod, BR and Borriello, G and Richards, L and Ehrlich, GD and Stewart, PS and Bjarnsholt, T and Jensen, PØ and Rasmussen, TB and Christophersen, L and Calum, H and Hentzer, M and Hougen, H-P and Rygaard, J and Moser, C and Eberl, L and Anderson, GG and Moreau-Marquis, S and Stanton, BA and O'Toole, GA and Mah, T-F and Pitts, B and Pellock, B and Walker, GC and Stewart, PS and O'Toole, GA and Field, TR and White, A and Elborn, JS and Tunney, MM and Evans, DJ and Allison, DG and Brown, MRW and Gilbert, P and Zhang, L and Mah, T-F and Pamp, SJ and Gjermansen, M and Johansen, HK and Tolker-Nielsen, T and Tr{\'{e}}-Hardy, M and Vanderbist, F and Traore, H and Devleeschouwer, MJ and Moriarty, TF and Elborn, JS and Tunney, MM and Garo, E and Eldridge, GR and Goering, MG and DeLancey, PE and Hamilton, MA and Costerton, JW and James, GA and Eckert, R and Brady, KM and Greenberg, EP and Qi, F and Yarbrough, DK and He, J and McHardy, I and Anderson, MH and Shi, W and Landry, RM and An, D and Hupp, JT and Singh, PK and Parsek, MR and Mikuniya, T and Kato, Y and Kariyama, R and Monden, K and Hikida, M and Kumon, H and Norris, P and Noble, M and Francolini, I and Vinogradov, AM and Stewart, PS and Ratner, BD and Costerton, JW and Stoodley, P and Hill, D and Rose, B and Pajkos, A and Robinson, M and Bye, P and Bell, S and Elkins, M and Thompson, B and Macleod, C and Aaron, SD and Marques, CN and Salisbury, VC and Greenman, J and Bowker, KE and Nelson, SM and Bjarnsholt, T and Jensen, PØ and Burm{\o}lle, M and Hentzer, M and Haagensen, JA and Hougen, H-P and Calum, H and Madsen, KG and Moser, C and Molin, S and Moskowitz, SM and Foster, JM and Emerson, J and Burns, JL and Brooun, A and Liu, S and Lewis, K and Goto, T and Nakame, Y and Nishida, M and Ohi, Y and Coquet, L and Junter, GA and Jouenne, T and Yassien, M and Khadori, N and Ahmedy, A and Toama, M and Soboh, F and Khoury, AE and Zamboni, AC and Davidson, D and Mittelman, MW and Anwar, H and Strap, JL and Chen, K and Costerton, JW and Brown, MRW and Allison, DG and Gilbert, P and Evans, DJ and Brown, MRW and Allison, DG and Gilbert, P and Anderl, JN and Zahller, J and Roe, F and Stewart, PS and Worlitzsch, D and Tarran, R and Ulrich, M and Schwab, U and Cekici, A and Meyer, KC and Birrer, P and Bellon, G and Berger, J and Weiss, T and Yoon, SS and Hennigan, RF and Hilliard, GM and Ochsner, UA and Parvatiyar, K and Kamani, MC and Allen, HL and DeKievit, TR and Gardner, PR and Schwab, U and Yang, L and Haagensen, JA and Jelsbak, L and Johansen, HK and Sternberg, C and Hoiby, N and Molin, S and Atlas, RM and Revsbech, NP and Rasmussen, K and Lewandowski, Z and Edgar, R and Domrachev, M and Lash, AE and Benjamini, Y and Hochberg, Y and Wong, BCK and Chiu, RWK and Tsui, NBY and Chan, KCA and CHan, LW and Lau, TK and Leung, TN and Lo, YMD and Pevsner, J and Huehn, J and Siegmund, K and Lehman, JCU and Siewart, C and Haubold, U and Feuerer, M and Debes, GF and Lauber, J and Frey, O and Przybylski, GK and Barrera, L and Benner, C and Tao, Y-C and Winzler, E and Zhou, Y and Conover, WJ},
    number = {1},
    pages = {294},
    volume = {10},
    publisher = {BioMed Central},
    url = {http://bmcmicrobiol.biomedcentral.com/articles/10.1186/1471-2180-10-294},
    doi = {10.1186/1471-2180-10-294},
    issn = {1471-2180},
    keywords = {Biological Microscopy, Life Sciences, Microbiology, Mycology, Parasitology, Virology, general}
}

@article{Becker2008PolymerSystems,
    title = {{Polymer microfabrication technologies for microfluidic systems}},
    year = {2008},
    journal = {Analytical and Bioanalytical Chemistry},
    author = {Becker, Holger and G{\"{a}}rtner, Claudia},
    number = {1},
    month = {1},
    pages = {89--111},
    volume = {390},
    url = {http://www.ncbi.nlm.nih.gov/pubmed/17989961 http://link.springer.com/10.1007/s00216-007-1692-2},
    doi = {10.1007/s00216-007-1692-2},
    issn = {1618-2642},
    pmid = {17989961}
}

@article{Alrifaiy2012Polymer-BasedEngineering,
    title = {{Polymer-Based Microfluidic Devices for Pharmacy, Biology and Tissue Engineering}},
    year = {2012},
    journal = {Polymers},
    author = {Alrifaiy, Ahmed and Lindahl, Olof A. and Ramser, Kerstin},
    number = {4},
    month = {7},
    pages = {1349--1398},
    volume = {4},
    publisher = {Molecular Diversity Preservation International},
    url = {http://www.mdpi.com/2073-4360/4/3/1349/},
    doi = {10.3390/polym4031349},
    issn = {2073-4360},
    keywords = {biocompatibility, biomedical engineering, cell analysis, cell biology, cell sorting, microfluidics, polymers, tissue engineering}
}

@article{Jahromi2017Pressure-drivenJunctions,
    title = {{Pressure-driven liquid-liquid separation in Y-shaped microfluidic junctions}},
    year = {2017},
    journal = {Chemical Engineering Journal},
    author = {Jahromi, Peyman Foroozan and Karimi-Sabet, Javad and Amini, Younes and Fadaei, Hooman},
    pages = {1075--1086},
    volume = {328},
    url = {http://ac.els-cdn.com/S1385894717312457/1-s2.0-S1385894717312457-main.pdf?_tid=5507fba0-9493-11e7-8592-00000aacb361&acdnat=1504874796_bd0b9d6dae73ba992d75499db83f1ccd},
    doi = {10.1016/j.cej.2017.07.096},
    keywords = {Flow patterns, Liquid-liquid separation, Mathematical model, Microfluidics, Pressure balance}
}

@incollection{Gauss1877PrincipiaAequilibrii,
    title = {{Principia Generalia Theoriae Figurae Fluidorum in Statu Aequilibrii}},
    year = {1877},
    booktitle = {Werke},
    author = {Gauss, Carolo Friderico},
    pages = {29--77},
    publisher = {Gottingae,},
    url = {http://hdl.handle.net/2027/nyp.33433069098576 http://link.springer.com/10.1007/978-3-642-49319-5%5Cnhttp://link.springer.com/10.1007/978-3-642-49319-5_3},
    isbn = {978-3-642-49320-1},
    doi = {10.1007/978-3-642-49319-5{\_}3}
}

@article{Whitman1998Prokaryotes:Majority,
    title = {{Prokaryotes: The unseen majority}},
    year = {1998},
    journal = {Proceedings of the National Academy of Sciences of the United States of America},
    author = {Whitman, William B. and Coleman, David C. and Wiebe, William J.},
    number = {12},
    pages = {6578},
    volume = {95},
    publisher = {National Academy of Sciences},
    pmid = {9618454}
}

@article{Davidovitch2011PrototypicalSheets.,
    title = {{Prototypical model for tensional wrinkling in thin sheets.}},
    year = {2011},
    journal = {Proceedings of the National Academy of Sciences of the United States of America},
    author = {Davidovitch, Benny and Schroll, Robert D and Vella, Dominic and Adda-Bedia, Mokhtar and Cerda, Enrique A},
    number = {45},
    pages = {18227--32},
    volume = {108},
    url = {http://www.pnas.org/content/108/45/18227.full.pdf http://www.pubmedcentral.nih.gov/articlerender.fcgi?artid=3215074&tool=pmcentrez&rendertype=abstract},
    isbn = {0027-8424},
    doi = {10.1073/pnas.1108553108},
    issn = {1091-6490},
    pmid = {22042841}
}

@article{AnalysisRigorousFluid,
    title = {{Rigorous justification of the Kirchhoff law for junction of thin pipes filled with viscous fluid}},
    journal = {content.iospress.comSign in},
    author = {Analysis, E Marušić‐Paloka - Asymptotic and 2003, undefined},
    url = {https://content.iospress.com/articles/asymptotic-analysis/asy543}
}

@book{Driscoll2002Schwarz-ChristoffelMapping,
    title = {{Schwarz-Christoffel mapping}},
    year = {2002},
    author = {Driscoll, Tobin Allen and Trefethen, Lloyd Nicholas},
    pages = {132},
    publisher = {Cambridge University Press},
    isbn = {9780521807265}
}

@book{Driscoll2002Schwarz-ChristoffelMappingb,
    title = {{Schwarz-Christoffel mapping}},
    year = {2002},
    author = {Driscoll, Tobin A. (Tobin Allen) and Trefethen, Lloyd N. (Lloyd Nicholas)},
    pages = {132},
    publisher = {Cambridge University Press},
    isbn = {9780521807265}
}

@article{Day1998Self-SimilarFluid,
    title = {{Self-Similar Capillary Pinchoff of an Inviscid Fluid}},
    year = {1998},
    author = {Day, Richard F and Hinch, E John and Lister, John R},
    number = {4},
    volume = {80},
    url = {http://www.damtp.cam.ac.uk/user/hinch/publications/PhysRevLett.80.704.pdf}
}

@article{Obrien1991ShapeAngle,
    title = {{Shape of a Small Sessile Drop and the Determination of Contact Angle}},
    year = {1991},
    journal = {J. CHEM. SOC. FARADAY TRANS},
    author = {O 'brien, Stephen 6 G M and Van Den Brule, Ben H A A},
    number = {10},
    pages = {1579--1583},
    volume = {87}
}

@article{OBrien1991ShapeAngleb,
    title = {{Shape of a small sessile drop and the determination of contact angle}},
    year = {1991},
    journal = {Journal of the Chemical Society, Faraday Transactions},
    author = {O'Brien, Stephen B. G. M. and van den Brule, Ben H. A. A. and Kent, H. J.},
    number = {10},
    month = {1},
    pages = {1579},
    volume = {87},
    publisher = {The Royal Society of Chemistry},
    url = {http://xlink.rsc.org/?DOI=ft9918701579},
    doi = {10.1039/ft9918701579},
    issn = {0956-5000}
}

@article{Nerem1991ShearFunction.,
    title = {{Shear force and its effect on cell structure and function.}},
    year = {1991},
    journal = {ASGSB bulletin : publication of the American Society for Gravitational and Space Biology},
    author = {Nerem, R M},
    number = {2},
    month = {7},
    pages = {87--94},
    volume = {4},
    url = {http://www.ncbi.nlm.nih.gov/pubmed/11537186},
    issn = {0898-4697},
    pmid = {11537186}
}

@article{Stathopoulos1985ShearVitro,
    title = {{Shear stress effects on human embryonic kidney cellsin Vitro}},
    year = {1985},
    journal = {Biotechnology and Bioengineering},
    author = {Stathopoulos, N. A. and Hellums, J. D.},
    number = {7},
    month = {7},
    pages = {1021--1026},
    volume = {27},
    url = {http://www.ncbi.nlm.nih.gov/pubmed/18553772 http://doi.wiley.com/10.1002/bit.260270713},
    doi = {10.1002/bit.260270713},
    issn = {0006-3592},
    pmid = {18553772}
}

@article{Xia1998SoftLithography,
    title = {{Soft lithography}},
    year = {1998},
    journal = {Annual Review of Material science},
    author = {Xia, Younan and Whitesides, George M.},
    number = {12},
    month = {8},
    pages = {153--184},
    volume = {28},
    url = {http://www.annualreviews.org/doi/10.1146/annurev.matsci.28.1.153},
    isbn = {0084660000846600},
    doi = {10.1146/annurev.matsci.28.1.153},
    issn = {0084-6600},
    pmid = {21691663},
    keywords = {elastomers, microfabrication, nanofabrication, patterning, self-assembled}
}

@misc{SolveKingdom,
    title = {{Solve boundary value problems for ordinary differential equations - MATLAB bvp5c - MathWorks United Kingdom}},
    url = {https://uk.mathworks.com/help/matlab/ref/bvp5c.html}
}

@article{Stewart1997SpatialBiofilms,
    title = {{Spatial Distribution and Coexistence of Klebsiella pneumoniae and Pseudomonas aeruginosa in Biofilms}},
    year = {1997},
    journal = {Microbial Ecology},
    author = {Stewart, P.S. and Camper, A.K. and Handran , C.-T. Huang, M. Warnecke, S.D. and Huang, C.-T. and Warnecke, M.},
    number = {1},
    month = {1},
    pages = {2--10},
    volume = {33},
    publisher = {Springer-Verlag{\\\}},
    url = {http://link.springer.com/10.1007/s002489900002},
    doi = {10.1007/s002489900002},
    issn = {0095-3628}
}

@article{Pozrikidis2012StabilityDrops,
    title = {{Stability of sessile and pendant liquid drops}},
    year = {2012},
    journal = {J Eng Math},
    author = {Pozrikidis, C},
    pages = {1--20},
    volume = {72},
    url = {https://link.springer.com/content/pdf/10.1007%2Fs10665-011-9459-3.pdf},
    doi = {10.1007/s10665-011-9459-3},
    keywords = {Boundary-element method {\textperiodcentered}, Pendant drops {\textperiodcentered}, Stability {\textperiodcentered}, Stokes flow}
}

@article{SvetlichnayaStudyMinichannels,
    title = {{Study of the gas driven water rivulet flow regimes in the minichannels}},
    author = {Svetlichnaya, Olga and Cheverda, Vyacheslav},
    url = {https://www.matec-conferences.org/articles/matecconf/pdf/2017/06/matecconf_tibet2017_01027.pdf},
    doi = {10.1051/matecconf/20179201027},
    issn = {2261236X}
}

@article{Cunningham2003SubsurfaceGroundwater,
    title = {{Subsurface Biofilm Barriers for the Containment and Remediation of Contaminated Groundwater}},
    year = {2003},
    journal = {Bioremediation Journal},
    author = {Cunningham, Alfred B. and Sharp, Robert R. and Hiebert, Randy and James, Garth},
    number = {3-4},
    month = {7},
    pages = {151--164},
    volume = {7},
    url = {http://www.tandfonline.com/doi/abs/10.1080/713607982},
    doi = {10.1080/713607982},
    issn = {1088-9868}
}

@article{Greenspan1988SupercomputerDrops,
    title = {{Supercomputer simulation of sessile and pendent drops}},
    year = {1988},
    journal = {Mathematical and Computer Modelling},
    author = {Greenspan, D and {D}},
    number = {12},
    pages = {871--882},
    volume = {10},
    publisher = {Elsevier Science Publishers B. V.},
    url = {http://linkinghub.elsevier.com/retrieve/pii/0895717788901793},
    doi = {10.1016/0895-7177(88)90179-3},
    issn = {08957177}
}

@article{Mills1953TablesDifferences,
    title = {{Tables for use in the measurement of interfacial tensions between liquids with small density differences}},
    year = {1953},
    journal = {British Journal of Applied Physics},
    author = {Mills, O S},
    number = {8},
    month = {8},
    pages = {247--252},
    volume = {4},
    publisher = {IOP Publishing},
    url = {http://stacks.iop.org/0508-3443/4/i=8/a=305?key=crossref.a4eddf4e788c83939dfdda55d8b9dc33},
    doi = {10.1088/0508-3443/4/8/305},
    issn = {0508-3443}
}

@article{Franses1996TechniquesTension,
    title = {{Techniques to measure dynamic surface tension}},
    year = {1996},
    journal = {Current Opinion in Colloid {\&} Interface Science},
    author = {Franses, Elias I and Basaran, Osman A and Chang, Chien-Hsiang},
    number = {2},
    pages = {296--303},
    volume = {1},
    publisher = {Elsevier},
    doi = {10.1016/S1359-0294(96)80018-5},
    issn = {13590294}
}

@incollection{Holmes2010TheBiology,
    title = {{The Application of Microfluidics in Biology}},
    year = {2010},
    booktitle = {Methods in molecular biology (Clifton, N.J.)},
    author = {Holmes, David and Gawad, Shady},
    pages = {55--80},
    volume = {583},
    url = {http://www.ncbi.nlm.nih.gov/pubmed/19763459 http://link.springer.com/10.1007/978-1-60327-106-6_2},
    doi = {10.1007/978-1-60327-106-6{\_}2},
    issn = {1940-6029},
    pmid = {19763459}
}

@article{Flemming2010TheMatrix,
    title = {{The biofilm matrix}},
    year = {2010},
    journal = {Nature Reviews Microbiology},
    author = {Flemming, Hans-Curt and Wingender, Jost},
    number = {9},
    month = {8},
    pages = {623},
    volume = {8},
    publisher = {Nature Publishing Group},
    url = {http://www.nature.com/doifinder/10.1038/nrmicro2415},
    doi = {10.1038/nrmicro2415},
    issn = {1740-1526}
}

@article{Muller2013TheDistortion,
    title = {{The conformal mapping of a circle onto a regular polygon, with an application to image distortion}},
    year = {2013},
    author = {M{\"{u}}ller, Herbert},
    url = {http://herbert-mueller.info/uploads/3/5/2/3/35235984/circletopolygon.pdf}
}

@article{Rittman1982TheRate,
    title = {{The effect of shear stress on biofilm loss rate}},
    year = {1982},
    journal = {Biotechnology and Bioengineering},
    author = {Rittman, Bruce E.},
    number = {2},
    month = {2},
    pages = {501--506},
    volume = {24},
    publisher = {Wiley Subscription Services, Inc., A Wiley Company},
    url = {http://doi.wiley.com/10.1002/bit.260240219},
    doi = {10.1002/bit.260240219},
    issn = {0006-3592}
}

@article{Michael1977TheDrops,
    title = {{The Equilibrium and Stability of Sessile Drops}},
    year = {1977},
    journal = {Proceedings of the Royal Society of London A: Mathematical, Physical and Engineering Sciences},
    author = {Michael, D. H. and Williams, P. G.},
    number = {1676},
    volume = {354}
}

@article{Mysels1990TheRevisited,
    title = {{The maximum bubble pressure method of measuring surface tension, revisited}},
    year = {1990},
    journal = {Colloids and Surfaces},
    author = {Mysels, Karol J.},
    number = {2},
    pages = {241--262},
    volume = {43},
    publisher = {Elsevier},
    doi = {10.1016/0166-6622(90)80291-B},
    issn = {01666622}
}

@article{Stauffer1965TheTechnique,
    title = {{The Measurement of Surface Tension by the Pendant Drop Technique}},
    year = {1965},
    journal = {The Journal of Physical Chemistry},
    author = {Stauffer, Clyde E.},
    number = {6},
    month = {6},
    pages = {1933--1938},
    volume = {69},
    publisher = {American Chemical Society},
    url = {http://pubs.acs.org/doi/abs/10.1021/j100890a024},
    doi = {10.1021/j100890a024},
    issn = {0022-3654}
}

@article{Boyd1973TheInterface,
    title = {{The mechanical properties of milk protein films spread at the air-water interface}},
    year = {1973},
    journal = {Journal of Colloid and Interface Science},
    author = {Boyd, J.V and Mitchell, J.R and Irons, L and Musselwhite, P.R and Sherman, P},
    number = {3},
    month = {12},
    pages = {478--486},
    volume = {45},
    publisher = {Academic Press},
    url = {https://www.sciencedirect.com/science/article/pii/002197977390163X},
    doi = {10.1016/0021-9797(73)90163-X},
    issn = {0021-9797}
}

@article{Lotters1997TheApplications,
    title = {{The mechanical properties of the rubber elastic polymer polydimethylsiloxane for sensor applications}},
    year = {1997},
    journal = {Journal of Micromechanics and Microengineering},
    author = {L{\"{o}}tters, J C and Olthuis, W and Veltink, P H and Bergveld, P},
    number = {3},
    month = {9},
    pages = {145--147},
    volume = {7},
    url = {http://stacks.iop.org/0960-1317/7/i=3/a=017?key=crossref.241e54228e5f650c7c571c162501c259},
    doi = {10.1088/0960-1317/7/3/017},
    issn = {0960-1317}
}

@article{MingariScarpello2014TheSolution,
    title = {{The meridian curve of a wetting drop: a boundary value problem and its elliptic integrals solution}},
    year = {2014},
    journal = {Meccanica},
    author = {Mingari Scarpello, Giovanni and Ritelli, Daniele},
    number = {9},
    month = {9},
    pages = {2257--2264},
    volume = {49},
    publisher = {Springer Netherlands},
    url = {http://link.springer.com/10.1007/s11012-014-9975-0},
    doi = {10.1007/s11012-014-9975-0},
    issn = {0025-6455}
}

@article{Lacey1982TheSurface,
    title = {{The Motion with Slip of a Thin Viscous Droplet over a Solid Surface}},
    year = {1982},
    journal = {Studies in Applied Mathematics},
    author = {Lacey, A. A.},
    number = {3},
    month = {12},
    pages = {217--230},
    volume = {67},
    publisher = {Wiley/Blackwell (10.1111)},
    url = {http://doi.wiley.com/10.1002/sapm1982673217},
    doi = {10.1002/sapm1982673217},
    issn = {00222526}
}

@article{Whitesides2006TheMicrofluidics,
    title = {{The origins and the future of microfluidics}},
    year = {2006},
    journal = {Nature},
    author = {Whitesides, George M.},
    number = {7101},
    month = {7},
    pages = {368--373},
    volume = {442},
    publisher = {Nature Publishing Group},
    url = {http://www.nature.com/doifinder/10.1038/nature05058},
    doi = {10.1038/nature05058},
    issn = {0028-0836}
}

@article{Sackmann2014TheResearch,
    title = {{The present and future role of microfluidics in biomedical research}},
    year = {2014},
    journal = {Nature},
    author = {Sackmann, Eric K. and Fulton, Anna L. and Beebe, David J.},
    number = {7491},
    month = {3},
    pages = {181--189},
    volume = {507},
    publisher = {Nature Research},
    url = {http://www.nature.com/doifinder/10.1038/nature13118},
    doi = {10.1038/nature13118},
    issn = {0028-0836}
}

@article{Rienstra1990TheTension,
    title = {{The shape of a sessile drop for small and large surface tension}},
    year = {1990},
    journal = {Journal of Engineering Mathematics},
    author = {Rienstra, S W},
    pages = {193--202},
    volume = {24}
}

@article{Nadell2009TheBiofilms,
    title = {{The sociobiology of biofilms}},
    year = {2009},
    journal = {FEMS Microbiology Reviews},
    author = {Nadell, Carey D. and Xavier, Joao B. and Foster, Kevin R.},
    number = {1},
    volume = {33}
}

@article{FontelosTHE,
    title = {{THE SPATIAL STRUCTURE OF BUBBLE PINCH-OFF *}},
    journal = {SIAM J. APPL. MATH},
    author = {Fontelos, M A and Snoeijer, J H and Eggers, J},
    number = {5},
    pages = {1696--1716},
    volume = {71},
    url = {https://people.maths.bris.ac.uk/~majge/fse07.pdf},
    doi = {10.1137/090776470},
    keywords = {35L67, 76B45, capillary breakup}
}

@misc{Erickson2005TowardsDevices,
    title = {{Towards numerical prototyping of labs-on-chip: Modeling for integrated microfluidic devices}},
    year = {2005},
    booktitle = {Microfluidics and Nanofluidics},
    author = {Erickson, David},
    number = {4},
    pages = {301--318},
    volume = {1},
    url = {https://nano.mae.cornell.edu/pubs/erickson_jmnf_review.pdf},
    isbn = {16134982 (ISSN)},
    doi = {10.1007/s10404-005-0041-z},
    issn = {16134982}
}

@article{Arashiro1999UsePolymers,
    title = {{Use of the pendant drop method to measure interfacial tension between molten polymers}},
    year = {1999},
    journal = {Materials Research},
    author = {Arashiro, Emerson Y and Demarquette, Nicole R},
    number = {1},
    pages = {23--32},
    volume = {2},
    url = {http://www.scielo.br/pdf/mr/v2n1/0004.pdf},
    isbn = {1516-1439},
    doi = {10.1590/S1516-14391999000100005},
    issn = {1516-1439},
    keywords = {interfacial tension, pedant drop, polimer blends}
}

@misc{VerifyingRates,
    title = {{Verifying Numerical Convergence Rates}},
    url = {http://www.csc.kth.se/utbildning/kth/kurser/DN2255/ndiff13/ConvRate.pdf}
}

@techreport{WilliJagerBenSchweizerViscousPipes,
    title = {{Viscous Fluid Flow in Bifurcating Channels and Pipes}},
    author = {Willi J{\"{a}}ger Ben Schweizer, hc},
    url = {https://archiv.ub.uni-heidelberg.de/volltextserver/6087/1/Dissertation.pdf}
}

@misc{Volume_surfaceDocs,
    title = {{Volume{\_}surface area of cap and flow rates.docx - Google Docs}},
    url = {https://docs.google.com/document/d/1e5GSERRs114FAw_XMjOqYFuPyYcJPsOHSAnmnxHBUq8/edit}
}

@article{Wong2003WrinkledMembranes,
    title = {{Wrinkled membranes}},
    year = {2003},
    journal = {Engineering},
    author = {Wong, Y W and Pellegrino, S},
    pages = {1--12},
    publisher = {CIMNE},
    url = {http://www-civ.eng.cam.ac.uk/dsl/index.html},
    keywords = {abstract, also reproduced by, and opposite corner forces, membranes, membranes subject to copla-, nar pairs of equal, observed experimentally and are, perfectly flat, stress free and, these membranes are initially, thin shells, this paper investigates the, two wrinkling regimes are, wrinkles, wrinkling of square isotropic}
}

@article{Vella2011WrinklingShells,
    title = {{Wrinkling of Pressurized Elastic Shells}},
    year = {2011},
    journal = {Physical Review Letters},
    author = {Vella, Dominic and Ajdari, Amin and Vaziri, Ashkan and Boudaoud, Arezki},
    number = {17},
    month = {10},
    pages = {174301},
    volume = {107},
    url = {http://www.ncbi.nlm.nih.gov/pubmed/22107521 https://link.aps.org/doi/10.1103/PhysRevLett.107.174301},
    doi = {10.1103/PhysRevLett.107.174301},
    issn = {0031-9007},
    pmid = {22107521}
}